1090 1740
364 100 141 22 MADAME
528 102 169 22 CLAUDINE.

887 99 51 25 145

117 184 20 21 a
167 174 87 32 smile
285 176 34 31 of
345 177 185 42 obsequious
558 178 168 33 deference.
784 179 65 31 The
876 179 63 31 sick

117 235 211 34 sabot-maker
346 249 63 21 was
425 238 51 33 the
492 239 66 32 first
574 240 69 32 who
659 240 116 32 saluted
791 240 52 32 the
859 240 80 42 girl's

117 297 81 40 good
214 298 79 32 luck.

162 358 66 32 The
244 359 109 31 widoAv
369 359 108 33 Perrot
492 360 101 32 kissed
609 361 55 31 her
679 361 30 31 in
726 362 118 30 silence.

163 420 16 31 I
203 431 49 21 am
275 420 102 32 bound
400 426 32 27 to
457 433 53 31 say
526 422 67 31 that
617 422 89 32 there
722 434 63 20 was
809 422 129 42 nothing

120 481 165 42 particular
313 486 32 28 to
375 482 126 32 observe
531 483 32 31 in
583 483 171 31 Madeleine
784 483 76 31 after
886 483 52 32 the

120 547 87 36 great
222 542 119 42 change
357 543 31 31 in
404 543 56 32 her
474 543 60 32 fate
535 564 44 2 —
579 544 15 31 I
606 555 90 20 mean
711 543 130 42 nothing
851 555 32 20 as
894 544 44 31 far

119 615 33 20 as
175 603 184 43 philosophy
376 616 33 19 or
430 604 190 42 psychology
635 609 90 27 went.
782 604 61 33 She
864 616 72 28 was,

118 664 64 32 alas
194 666 6 30 !
234 665 131 42 morally
391 666 59 31 and
473 666 263 41 psychologically
757 665 180 32 unsatisfac-

117 731 78 37 tory,
213 726 55 41 for,
293 727 32 30 in
351 727 70 41 fact,
446 727 260 42 psychologically
722 727 61 32 and
797 727 138 41 morally,

118 788 56 31 she
190 800 64 19 was
270 793 62 26 not.

162 849 44 30 At
220 848 68 31 first
304 848 53 32 she
368 860 63 20 was
447 853 53 27 not
516 849 191 41 enraptured,
720 848 95 32 either
830 848 41 41 by
882 847 54 32 her

118 907 60 32 fine
195 908 116 31 clothes
333 920 33 19 or
381 908 41 42 by
438 908 55 31 her
508 908 156 32 luxurious
688 908 95 31 abode
802 908 29 42 (a
855 907 80 32 hotel

118 968 31 31 in
165 979 19 21 a
198 968 79 42 busy
294 973 94 27 street
404 968 30 32 in
447 968 107 43 Paris),
572 980 34 20 or
620 980 77 21 even
712 969 41 41 by
764 968 53 32 the
832 968 104 32 varied

118 1035 121 37 aspects
264 1030 34 31 of
318 1031 86 31 Paris
431 1031 87 31 itself.
567 1030 61 33 She
654 1042 64 19 was
741 1030 31 31 in
796 1041 38 20 no
861 1029 73 32 wise

117 1091 154 40 ashamed,
289 1103 33 20 or
337 1091 186 41 remorseful,
542 1103 33 20 or
590 1092 156 31 conscious
770 1090 34 32 of
826 1090 108 42 degra-

117 1153 112 31 dation.
287 1153 61 32 She
372 1164 64 20 was
466 1153 158 31 conscious
654 1153 34 31 of
713 1152 114 41 having
856 1152 78 30 been

116 1213 95 32 saved
226 1213 78 31 from
321 1214 174 40 starvation,
508 1225 33 20 as
557 1213 107 42 people
681 1213 68 31 who
765 1213 78 31 have
856 1212 77 31 been

115 1272 94 32 saved
231 1273 79 31 from
333 1272 179 43 shipwreck,
531 1272 60 32 and
606 1272 77 32 from
704 1272 52 31 the
773 1271 114 41 danger
903 1271 34 31 of

112 1334 130 42 preying
257 1346 82 29 upon
363 1334 80 31 their
466 1345 69 20 own
554 1333 84 40 kind,
656 1344 50 20 are
722 1331 157 33 conscious
902 1331 35 32 of

112 1396 53 32 the
189 1407 105 20 rescue
321 1395 34 32 of
376 1395 59 32 life.
493 1394 61 33 She
579 1405 72 28 was,
680 1405 33 20 as
740 1393 22 32 it
785 1404 63 21 was
878 1392 55 33 her

111 1461 109 27 nature
244 1461 31 27 to
298 1456 47 41 be,
364 1456 73 40 dull,
454 1455 61 32 and
532 1455 55 32 her
602 1453 113 33 mental
739 1453 192 43 perceptions

112 1530 80 20 Avere
209 1518 74 31 slow
300 1517 60 33 and
376 1517 70 32 dim.

835 1582 10 14 L

168 1584 54 15 VOL.
234 1585 14 14 I.
