1090 1740
874 96 52 25 193

382 103 140 20 MUSICAL
545 103 102 20 LINKS.

103 175 119 33 Nature
253 176 56 33 has
340 178 252 42 imprescriptible
623 178 105 42 rights.
782 178 73 32 And
885 190 42 28 so,

104 237 32 32 in
152 237 87 33 these
263 243 62 27 two
348 239 205 41 ill-educated,
579 239 213 32 dark-minded
814 239 113 31 human

105 298 118 43 beings,
247 300 156 41 betrayed,
421 312 33 20 as
470 300 74 42 they
559 313 89 28 were,
666 301 40 41 by
722 301 87 31 those
824 300 103 31 whose

104 361 72 31 task
192 361 24 31 it
232 361 109 32 should
356 362 78 31 have
449 362 79 31 been
551 367 32 26 to
606 362 89 32 make
714 362 85 32 them
821 362 106 39 better,

105 421 87 33 there
209 434 62 20 was
297 428 53 36 yet
375 423 182 41 something,
576 423 60 32 and
659 424 68 31 that
755 423 172 40 something

106 483 146 41 quivered
289 484 108 41 faintly
427 484 65 32 into
523 484 155 32 existence
708 484 136 41 through
876 483 51 32 the

104 545 136 31 medium
257 545 35 31 of
309 545 127 31 musical
453 545 105 31 sound.

150 606 45 32 Of
213 606 76 32 such
315 606 218 42 compositions
560 618 35 20 as
617 618 62 30 you
702 606 59 32 and
788 606 23 40 I,
837 606 91 41 being

105 667 151 33 educated
286 668 118 42 people,
437 667 118 43 dignify
584 667 76 32 with
689 667 53 33 the
779 678 90 21 name
900 667 33 31 of

105 729 106 40 music,
236 729 87 31 these
346 733 62 27 two
430 729 91 31 knew
544 729 129 42 nothing
679 748 43 3 —
728 728 69 32 how
821 727 109 33 should

107 789 74 42 they
194 792 15 29 ?
231 789 55 32 but
302 789 32 32 in
350 801 18 20 a
383 789 94 32 lower
493 790 74 31 kind
583 790 34 31 of
628 794 47 27 art
689 790 73 42 they
777 789 75 32 took
866 789 63 32 real

106 850 130 42 delight,
253 850 61 32 and
329 850 84 32 what
428 861 62 21 was
515 850 77 32 least
617 850 138 32 material
779 850 32 32 in
834 850 94 40 them,

108 911 96 32 found
220 911 187 32 satisfaction
423 911 29 32 in
476 912 53 31 the
552 913 112 30 second
688 912 59 31 and
769 912 81 31 third
866 917 64 26 rate

109 972 199 42 productions
325 972 34 31 of
371 984 18 19 a
404 972 108 42 falsely
530 973 194 31 sentimental
739 973 67 33 Art.

154 1033 117 32 Olivier
283 1033 112 42 played
411 1034 163 41 agreeably
590 1046 82 29 upon
684 1034 51 31 the
750 1033 179 42 pianoforte,

109 1094 212 32 remembered
336 1094 157 32 whatever
507 1094 39 32 he
568 1095 94 31 heard
685 1107 82 29 once,
785 1095 147 42 proAuded

109 1157 23 31 it
148 1168 63 20 was
226 1160 55 27 not
297 1156 83 31 what
403 1156 39 31 he
468 1156 96 31 called
588 1157 153 40 scientific,
760 1157 59 31 and
835 1157 97 31 what-

109 1230 74 21 ever
198 1218 32 31 in
246 1218 64 31 him
325 1218 61 30 had
402 1217 78 32 been
503 1217 145 42 carefully
664 1218 109 31 turned
789 1229 87 30 aAvay
890 1218 41 41 by

109 1279 49 32 his
188 1279 141 31 teachers
353 1278 79 31 from
462 1278 39 31 all
531 1279 139 40 grander,
695 1278 147 32 healthier
865 1290 67 20 cur-

110 1345 94 34 rents,
222 1340 94 31 found
332 1351 38 19 an
387 1339 95 31 outlet
497 1339 32 31 in
544 1339 51 31 the
612 1339 207 42 performance
837 1339 34 32 of
880 1339 50 32 the

110 1400 130 33 musical
264 1399 217 41 compositions
497 1399 38 32 he
559 1400 185 31 understood
771 1412 33 20 or
824 1412 108 31 appre-

111 1462 108 33 ciated.
267 1460 147 33 Claudine
444 1461 74 30 took
548 1473 18 18 a
604 1461 76 41 deep
711 1461 61 31 and
800 1462 131 41 genuine

111 1524 142 41 pleasure
269 1522 32 32 in
325 1522 143 41 listening
491 1527 32 26 to
548 1522 73 41 him,
639 1522 60 32 and
724 1522 38 32 he
779 1534 62 22 was
864 1535 68 30 per-

168 1589 52 15 VOL.
234 1589 14 15 I.

836 1589 11 14 0
