1090 1740
190 110 52 26 252

419 118 82 20 LOVE
524 118 63 20 THE
610 117 163 21 AVENGER.

189 193 141 42 Aspasie,
358 194 199 42 deliberately
569 207 7 27 ;
601 193 69 40 and,
695 198 32 27 at
750 192 52 32 the
824 202 84 21 same
929 190 83 41 time,

189 255 156 42 folloAving
360 255 75 33 Avith
458 260 89 38 great
570 255 153 32 attention
746 254 52 32 the
821 257 123 38 pattern
960 252 55 32 she

188 327 62 22 was
270 316 138 44 drawing
429 329 82 30 upon
535 316 51 33 the
612 316 107 42 gravel
743 315 75 33 with
839 315 54 32 the
916 314 44 42 tip
985 313 33 32 of

187 377 56 33 her
258 377 81 33 boot.
418 377 96 33 What
530 378 16 32 I
562 389 90 21 mean
668 377 36 41 is,
722 377 70 32 that
807 377 69 32 that
891 387 121 20 Avoman

187 438 25 33 is
237 440 126 42 capable
390 440 34 31 of
442 440 150 42 anything
615 440 31 31 in
673 439 88 32 order
782 443 32 28 to
831 438 110 33 detach
958 437 55 32 her

186 500 124 32 brother
325 501 78 32 from
420 502 147 32 Claudine
570 521 40 3 —
613 502 30 31 in
668 501 88 32 order
779 505 32 27 to
834 500 91 32 make
947 499 63 32 him

186 566 65 27 cast
267 562 54 31 her
337 563 47 31 off,
433 563 61 32 She
510 563 103 31 Avould
636 567 86 27 enter
742 562 65 31 into
833 573 17 20 a
869 566 141 37 compact

186 623 73 31 with
290 635 118 30 anyone
421 637 5 19 :
465 624 75 32 with
573 624 130 31 Mazzini
741 635 33 20 or
813 623 121 40 Renari,
976 634 34 20 or

185 684 140 42 Georges
347 686 93 40 Sand,
464 697 33 20 or
513 686 42 32 M.
574 686 116 41 Duruy,
709 697 33 20 or
762 686 95 31 Satan
876 684 129 41 himself,

184 758 35 21 or
242 758 18 21 a
287 747 304 44 chimney-SAveeper,
611 761 32 19 or
668 761 69 30 you,
758 749 26 31 if
803 749 54 31 she
873 748 135 43 thought

184 808 53 31 she
254 808 90 32 could
368 809 125 32 achieve
516 809 68 32 that
607 810 66 32 end.
723 810 40 32 So
783 810 23 31 it
828 810 105 31 struck
957 821 50 20 me

182 869 68 32 that
265 870 132 41 perhaps
398 890 42 3 —
440 890 3 4 ■
445 890 41 3 —

491 932 191 42 interrupted
698 933 202 40 Mardonnet;-

183 992 88 42 thing
287 992 31 31 in
334 993 68 31 that
417 1005 77 30 way.
542 994 15 31 I
573 994 78 31 have
668 994 60 31 had
744 1006 40 20 no
800 994 208 32 communica-

183 1053 73 41 tion,
275 1054 96 31 direct
387 1066 34 20 or
436 1054 138 41 indirect,
592 1055 75 31 Avith
690 1055 53 32 the
766 1056 163 41 DoAvager,
952 1067 56 21 nor

182 1113 38 32 do
237 1114 15 31 I
268 1114 78 32 need
361 1119 32 27 to
405 1115 80 32 have
497 1128 67 29 any.
611 1116 66 32 The
694 1116 137 42 Marquis
847 1116 25 32 is
890 1117 115 42 legally

183 1175 48 32 his
258 1187 68 20 OAA-n
356 1182 115 26 master
502 1189 78 27 now,
613 1178 158 32 Avhatever
800 1178 39 32 he
867 1190 72 30 may
970 1179 37 32 be

182 1237 130 42 morally
324 1250 6 25 ;
354 1249 33 20 so
410 1238 69 31 that
501 1238 47 32 his
572 1238 109 42 despot
705 1238 34 32 of
758 1250 19 21 a
799 1239 120 32 mother
934 1240 73 32 does

182 1303 54 27 not
252 1310 85 20 come
353 1298 65 32 into
434 1299 73 42 play
519 1312 6 28 ;
661 1300 39 32 he
723 1301 144 42 pursued,
889 1301 77 33 after
990 1315 18 20 a

182 1371 104 29 pause,
446 1360 39 32 he
513 1360 129 41 himself,
665 1361 47 32 for
734 1362 66 32 that
824 1368 120 28 matter.
993 1365 14 31 I

182 1419 86 32 don't
293 1419 91 42 fancy
410 1420 38 32 he
480 1421 61 31 Avill
572 1427 87 27 court
689 1435 58 20 me.
810 1424 16 31 I
857 1424 79 33 have
966 1437 41 20 no

181 1480 165 40 particular
371 1481 98 33 desire
494 1487 31 27 to
550 1488 86 27 court
660 1484 82 41 him;
767 1485 51 32 the
842 1491 166 36 pavement

182 1540 34 31 of
234 1541 86 32 Paris
336 1542 25 31 is
382 1542 96 32 broad
500 1544 123 42 enough
646 1545 45 31 for
715 1558 36 19 us
774 1546 84 40 both,
878 1547 130 34 Avithout
