1090 1740
393 109 64 21 THE
480 109 208 21 DEPUTATION.

898 102 51 26 275

131 184 74 32 dear
365 186 98 32 added
479 186 51 32 the
540 186 146 42 Marquis,
784 185 165 33 Viviennes

132 257 57 20 can
205 246 73 41 play
294 251 31 27 at
340 247 68 32 that
422 258 90 29 game
527 247 100 33 better
641 247 75 32 than

209 308 63 32 But
297 307 28 32 if
349 319 61 31 you
437 308 53 32 fall
517 308 43 32 off
585 308 77 33 from
688 308 93 40 them,
805 308 145 39 Maurice,

132 368 75 42 they
237 380 58 20 can
325 369 72 41 play
426 380 40 20 no
497 380 91 30 game
611 374 31 27 at
667 369 39 32 all
719 383 7 27 ;
757 369 75 42 they
862 372 90 29 count

135 441 40 20 on
204 441 71 30 you,
307 430 61 32 and
396 441 39 21 on
458 430 52 32 the
540 430 125 43 Bishop,
697 430 59 32 and
780 430 26 31 if
828 441 60 30 you
908 441 44 19 re-

134 490 132 42 solutely
290 490 90 32 stand
403 490 42 43 by
472 490 116 33 Olivier
610 491 16 31 I
647 490 61 32 will
730 490 109 33 detach
865 490 87 32 Mon-

211 612 50 40 So,
290 612 23 32 it
328 612 61 31 will
414 612 38 33 be
480 624 17 20 a
513 624 62 20 war
590 612 33 32 of
796 612 156 33 remarked

131 673 39 33 he
182 687 7 27 ;
243 673 165 42 Moranges
424 685 105 20 versus
545 673 150 33 Vivienne
706 674 6 32 !
738 685 18 20 a
778 673 79 32 fresh
879 673 73 33 Pro-

133 733 112 33 vincial
261 733 72 33 feud
333 753 42 3 —
378 745 33 20 as
426 733 120 42 though
562 733 85 33 there
662 745 80 21 were
762 739 55 27 not
832 733 120 42 enough

136 794 75 32 such
227 794 124 41 already
366 794 31 31 in
413 805 56 21 our
484 794 162 32 distracted
661 800 98 37 party,
778 806 31 20 as
826 806 46 21 we
894 794 57 32 still

134 854 112 40 persist
261 854 31 31 in
309 854 227 40 denominating
551 855 24 31 it

209 916 42 31 At
267 916 41 31 all
325 920 105 27 events
440 915 92 32 that's
548 916 168 42 preferable
731 921 31 27 to
778 916 109 42 letting
901 916 52 32 the

135 976 168 32 Viviennes
315 976 65 31 rule
397 987 73 21 over
479 987 37 21 us
532 976 47 41 all,
591 976 187 42 throughout
794 976 52 33 the
856 976 97 33 whole

134 1038 212 42 Department,
372 1049 34 20 as
430 1037 75 42 they
526 1037 61 32 will
603 1038 38 32 do
667 1038 28 32 if
717 1050 72 20 once
814 1038 73 43 they
902 1043 51 37 get

132 1099 75 31 hold
223 1099 35 31 of
269 1111 18 19 a
303 1103 66 27 seat
385 1098 31 32 in
431 1098 53 32 the

209 1160 83 32 Well
305 1161 7 31 !
368 1159 137 43 objected
528 1160 41 32 M.
596 1159 36 32 de
657 1160 171 41 Moranges,
882 1159 70 43 they

132 1236 57 28 say
205 1223 120 32 Gaston
342 1222 25 31 is
383 1234 19 20 a
418 1221 100 33 clever

209 1284 106 32 That's
343 1283 73 41 only
440 1283 130 31 because
597 1282 39 31 he
663 1281 80 32 talks
769 1294 82 20 more
878 1282 73 32 than

133 1346 88 33 other
245 1357 106 31 young
374 1356 80 29 men,
481 1343 60 33 and
566 1343 65 42 lays
657 1343 89 32 down
770 1343 52 32 the
839 1344 60 31 law
915 1356 36 20 on

133 1407 84 32 what
254 1418 51 21 are
344 1405 98 32 called
481 1404 114 32 serious
634 1404 132 42 subjects
778 1424 43 3 —
833 1404 63 33 he's
933 1418 18 19 a

133 1471 124 41 'young
287 1468 219 42 dogmatique,'
543 1478 35 20 as
615 1466 235 32 Montalembert
879 1467 72 32 calls

826 1595 15 14 T
857 1591 10 18 2
