1090 1740
176 108 52 25 126

408 115 83 20 LOVE
514 115 65 20 THE
602 113 160 22 AVENGER.

173 204 84 21 more
274 198 141 37 amongst
431 204 36 21 us
480 206 6 28 ;
529 193 68 40 and,
616 192 75 32 Avith
715 203 19 20 a
757 190 88 33 smile
862 190 35 32 of
915 189 89 32 frank

173 254 80 41 good
280 254 131 33 humour
439 254 60 33 and
525 254 89 32 frank
641 253 120 42 regard,
822 253 98 32 how's
946 251 55 34 the

327 316 39 32 he
392 316 101 37 asked,
510 316 137 42 bending
674 315 90 32 doAvn
789 314 136 33 towards
950 314 54 33 the

172 389 104 30 young
306 378 128 32 mother.
631 377 93 33 know
755 377 57 31 I'm
845 381 54 28 not
930 388 74 21 over

172 440 91 41 given
278 445 33 27 to
326 452 69 21 care
411 440 47 32 for
472 440 89 33 those
577 440 80 43 imps
669 453 6 28 ;
701 446 55 26 not
771 445 32 27 at
820 440 40 32 all
878 439 124 33 learned

171 502 29 31 in
235 502 113 33 infants
362 516 6 27 ;
403 502 55 33 but
495 514 76 31 your
606 502 91 43 baby,
731 502 112 41 Claire,
876 502 69 32 that
976 502 27 32 is

172 563 172 43 something
365 564 149 43 perfectly
536 569 88 38 apart
647 564 79 32 from
751 576 93 31 every
861 563 89 33 other
968 563 32 32 in

170 624 52 32 the
238 625 105 32 world.
392 625 16 31 I
429 625 84 31 don't
535 624 58 32 feel
616 625 69 31 that
708 625 54 32 the
779 637 65 20 wee
867 625 91 42 thing
974 625 27 33 is

171 684 70 42 only
271 696 52 31 my
355 685 112 32 second
507 685 114 41 cousin,
654 685 56 32 but
752 685 163 43 decidedly
946 696 54 31 my

169 745 138 42 nephew,
325 746 60 32 and
407 757 53 31 my
475 745 133 43 nepheAv
630 746 15 32 I
668 758 92 20 mean
783 751 33 27 to
842 746 58 32 call
922 746 74 33 him.

170 806 81 32 How
282 807 25 31 is
344 819 53 30 my
434 807 138 43 nephew,
613 808 102 32 Claire
727 810 14 30 ?
772 808 84 32 what
890 808 27 32 is
950 808 50 33 his

395 929 115 42 replied
526 929 53 33 the
596 931 147 41 Marquis.
823 932 97 32 Come
935 933 60 31 and

167 989 155 32 breakfast
347 994 188 38 to-morrow,
562 992 60 31 and
652 1004 62 29 you
743 992 78 32 shall
846 1004 51 21 see
921 993 73 41 him,

167 1051 115 31 Victor.
341 1052 15 30 I
380 1052 91 31 knoAV
494 1053 130 41 nothing
647 1054 94 32 about
766 1054 75 32 such
868 1054 106 44 things
988 1070 7 27 ;

166 1112 55 31 but
244 1124 52 29 my
312 1112 121 32 mother
458 1125 70 30 says
551 1114 38 32 he
616 1114 25 32 is
667 1115 150 41 splendid,
845 1116 61 32 and
928 1116 67 43 just

167 1173 82 32 what
265 1186 17 19 a
299 1174 184 32 Beauvoisin
500 1176 97 38 ought
613 1181 32 26 to

209 1235 51 31 All
276 1235 67 31 that
359 1235 106 33 Victor
481 1236 38 32 de
540 1236 145 33 Lancour
707 1237 61 33 had
787 1238 79 33 been
883 1241 110 42 saying

166 1302 32 26 to
214 1296 101 33 Claire
327 1308 64 20 was
403 1297 66 32 said
481 1297 74 32 with
568 1298 75 32 such
653 1300 134 41 genuine
803 1300 147 35 fondness
951 1323 42 2 —
992 1322 2 5 ■

166 1358 37 31 he
229 1369 63 21 was
318 1358 96 43 really
437 1370 33 21 so
490 1359 71 42 glad
587 1365 32 26 to
642 1372 50 21 see
718 1362 46 32 his
792 1363 115 42 cousin,
933 1365 60 31 and

165 1419 64 31 talk
244 1424 31 27 to
286 1419 54 32 her
357 1419 34 33 of
401 1419 55 33 her
466 1420 81 32 child
549 1441 42 3 —
594 1421 69 33 that
673 1423 38 32 he
723 1424 50 32 did
784 1430 55 27 not
848 1426 143 42 perceive

165 1480 74 32 with
266 1480 83 32 what
375 1481 193 34 indifference
597 1484 52 32 she
672 1490 65 27 met
757 1485 47 33 his
828 1486 163 35 advances.

166 1540 60 32 She
244 1540 115 43 replied
381 1547 33 27 to
436 1542 64 33 him
516 1544 42 42 by
573 1557 18 20 a
614 1545 60 32 few
697 1546 109 40 words,
823 1547 58 33 but
896 1561 97 21 never
