1090 1740
294 83 250 22 MADEMOISELLE
567 85 129 20 ASPASIE,

849 78 52 26 253

83 168 56 21 our
161 157 94 44 being
273 159 117 42 jostled
416 172 42 30 up
481 161 121 41 against
624 161 76 32 each
724 161 95 40 other,
845 161 59 31 and

83 230 53 29 my
150 219 61 32 line
227 219 26 32 is
268 225 54 26 not
339 220 47 32 his

157 280 74 32 And
246 292 86 31 pray,
349 294 72 29 may
437 282 16 31 I
469 283 64 40 ask,
551 283 83 32 what
657 283 25 31 is
705 295 76 29 your
796 283 61 31 line
872 287 33 27 to

196 342 171 31 demanded
391 343 83 32 Mile,
500 344 37 31 de
560 344 222 41 Mourjonville,
806 355 99 20 some-

85 404 84 31 what
186 403 205 41 disdainfully.

336 466 201 41 propounded
559 466 182 31 Mardonnet
753 479 6 27 ;
791 466 60 32 and
873 477 34 21 as

87 526 38 32 he
151 525 122 32 uttered
299 526 52 31 the
376 526 94 40 word,
497 526 39 31 he
561 526 123 32 seemed
703 530 32 27 to
755 526 84 32 swell
862 526 45 31 in-

88 587 123 42 wardly.
257 587 83 32 Mile.
358 588 131 41 Aspasie
506 587 83 31 drew
608 587 117 32 herself
742 599 50 30 up,
809 587 99 32 raised

87 649 56 31 her
167 649 156 41 eyebrows
349 653 33 27 to
405 648 79 32 their
510 653 116 27 utmost
651 648 81 40 arch,
759 649 149 41 surveyed

89 709 56 32 her
183 709 181 43 companion
406 709 39 32 all
487 720 80 29 over,
610 709 69 40 and,
722 709 30 31 in
789 720 18 20 a
839 714 69 27 tone

89 775 55 27 not
182 770 261 41 complimentary,
482 769 155 41 certainly,
676 769 144 41 repeated
857 769 51 32 the

90 830 95 38 word,
188 849 44 4 —

283 951 60 31 and
373 951 70 41 why
603 949 101 40 asked,
730 950 120 41 hastily,
866 951 41 31 M.

93 1011 180 41 Theophile.
351 1012 63 30 Are
430 1015 54 27 not
499 1010 120 42 politics
642 1022 70 20 now
727 1010 51 32 the
794 1011 70 31 field
879 1011 31 30 in

93 1072 101 31 which
210 1083 92 30 every
324 1083 72 20 man
420 1071 34 32 of
471 1083 61 30 any
548 1071 139 41 capacity
703 1083 56 19 can
776 1071 133 32 exercise

95 1133 48 31 his

266 1198 55 36 put
337 1193 30 31 in
383 1194 138 40 Aspasie.

171 1254 88 32 Look
282 1258 31 28 at
335 1254 53 31 the
418 1254 154 31 ministers
603 1253 68 31 who
702 1265 116 30 govern

95 1321 83 28 went
203 1328 39 19 on
263 1315 191 39 Mardonnet,
471 1314 174 41 unheeding
669 1314 55 31 her
746 1315 144 40 negation
903 1328 6 27 ;

128 1376 70 32 who
215 1387 113 29 among
351 1375 86 32 them
460 1375 55 31 has
541 1386 115 30 sprung
679 1374 76 31 from
771 1386 18 20 a
804 1374 107 42 higher

288 1497 133 41 laughed
448 1497 62 41 she,
578 1497 26 32 if
620 1509 60 29 you
704 1509 40 29 go
773 1503 30 27 to
835 1499 73 33 such
