1090 1740
140 98 52 26 200

370 105 82 21 LOA'E
475 105 64 21 THE
562 103 162 22 AVENGER.

138 181 83 33 them
238 194 38 20 on
293 182 120 32 herself.
461 181 61 33 She
546 180 81 32 lived
651 177 172 43 outAvardly
839 176 54 34 the
915 176 52 32 life

138 243 33 32 of
183 243 52 33 the
251 243 104 43 world,
378 243 129 43 reaping
526 242 154 32 universal
704 240 185 33 admiration
906 238 61 33 and

138 310 126 38 respect.
312 305 36 32 In
367 304 55 33 her
442 304 87 33 inner
545 304 59 41 life,
624 304 53 33 she
694 303 82 33 lived
791 302 87 33 aloof
889 302 78 32 from

138 366 40 32 all
194 378 71 20 men
277 380 6 28 ;
285 387 43 2 —
331 366 94 41 alone,
445 366 199 42 communing
660 365 71 43 only
747 365 76 32 Avith
839 363 128 33 herself:

138 432 68 40 and,
231 432 31 32 in
285 431 53 33 the
363 432 153 32 existence
539 431 54 33 her
616 431 152 42 marriage
792 431 62 32 had
876 430 91 32 made

138 493 46 32 for
199 493 64 41 her,
282 493 110 42 Claire,
409 493 52 33 the
482 493 125 41 refined,
625 493 53 32 the
696 492 198 40 intellectual,
912 492 55 32 the

140 555 175 41 cultivated,
340 556 52 31 the
416 555 197 42 high-souled
636 555 100 32 Claire
760 566 63 20 was
842 566 35 20 as
894 553 72 33 soli-

138 621 77 37 tary,
233 629 33 19 as
282 617 182 42 completely
485 616 98 32 exiled
604 616 77 32 from
703 617 149 31 woman's
873 626 92 32 para-

137 677 73 41 dise,
234 690 34 19 as
291 690 63 20 was
378 678 55 32 her
459 678 210 40 dim-minded,
695 678 150 41 ignorant,
871 676 92 32 fallen

138 738 94 39 sister,
251 739 158 32 Claudine.

181 800 44 33 Of
247 801 40 31 all
314 801 68 31 Avho
411 800 190 32 surrounded
630 800 64 40 her,
723 804 55 27 not
805 811 57 20 one
890 811 74 20 ever

136 863 193 42 approached
344 862 136 32 towards
497 862 176 32 confidence
690 862 75 31 Avith
784 861 51 32 the
857 872 107 30 young

136 923 166 43 Marquise.
349 923 89 33 With
456 923 124 40 Olivier,
599 934 32 21 as
647 934 47 20 we
710 923 101 39 knoAV,
829 923 55 31 she
900 934 64 20 was

136 985 41 31 all
194 985 164 32 obedience
371 998 6 28 ;
395 984 74 32 Avith
485 984 55 32 her
555 984 241 32 mother-in-laAv
808 984 55 32 her
875 984 89 32 bear-

135 1046 53 42 ing
204 1058 62 19 Avas
287 1058 18 19 a
326 1045 192 43 perpetually
535 1045 155 32 defensive
714 1057 57 20 one
783 1059 7 27 ;
815 1045 72 32 with
907 1045 57 33 her

135 1107 88 32 uncle
244 1107 164 41 Moranges
431 1106 53 32 she
503 1119 63 19 Avas
586 1106 188 43 thoroughly
790 1107 170 42 charming,

134 1169 61 31 and
211 1169 110 31 almost
337 1168 128 32 natural.
498 1168 99 32 Henri
612 1168 128 42 Dupont
753 1168 54 31 she
821 1168 141 32 watched

133 1231 160 41 naiTOAAdy,
323 1231 59 31 and
411 1230 121 32 seemed
560 1242 82 30 upon
669 1230 56 31 her
751 1231 98 40 guard
876 1231 83 32 Avith.

133 1292 148 31 Towards
293 1292 55 32 her
359 1304 69 20 OAvn
443 1292 121 31 mother
580 1291 54 32 she
650 1303 96 20 never
757 1292 133 40 relaxed,
905 1293 56 31 but

133 1352 138 33 behaved
298 1353 114 43 ahvays
439 1353 73 32 Avith
539 1353 135 41 freezing
700 1353 177 41 gentleness
900 1354 61 32 and

133 1419 121 37 respect
265 1427 7 27 ;
297 1414 73 31 with
392 1414 54 32 her
467 1419 74 27 aunt
564 1414 201 41 Clementine,
783 1414 102 33 Avhom
907 1415 55 32 she

133 1486 69 20 noAv
222 1475 56 32 but
300 1475 101 42 rarely
422 1475 121 42 sought,
568 1475 53 32 she
645 1487 64 21 Avas
729 1476 114 43 mostly
861 1477 100 32 silent.

132 1535 100 32 These
257 1541 61 27 tAvo
344 1537 120 31 seemed
489 1541 31 27 to
546 1536 189 33 understand
759 1537 75 32 each
861 1538 99 40 other,
