1090 1740
143 104 52 26 232

373 111 83 20 LOVE
479 110 64 21 THE
567 108 160 22 AVENGER.

144 198 57 21 one
221 187 45 32 bit
285 187 54 32 the
361 187 96 32 wiser.
505 186 75 31 This
604 185 35 32 of
661 183 87 33 itself
762 194 64 21 wras
842 182 130 43 promis-

145 250 52 42 ing
211 264 6 27 ;
242 251 60 31 and
324 250 119 42 though
466 249 53 32 the
542 248 124 43 youth's
681 252 109 27 nature
806 257 64 21 was
886 249 54 28 not
955 256 17 21 a

144 312 181 42 passionate,
354 312 24 31 it
414 310 109 43 might,
556 322 33 21 as
627 310 53 33 the
711 310 72 41 wrily
813 312 159 39 preceptor

143 373 142 42 thought,
303 373 38 31 be
357 372 90 32 made
463 384 19 20 a
493 372 118 32 vicious
622 383 66 21 one.
738 369 233 44 Opportunities

146 446 79 20 were
236 434 159 42 promptly
404 434 120 32 created
539 434 41 42 by
590 433 170 43 Theophile
777 432 195 39 Mardonnet,

146 498 46 32 for
215 498 53 32 the
295 498 80 43 prize
400 498 39 33 he
466 498 61 33 had
552 498 127 32 secured
701 497 125 33 seemed
850 501 32 27 to
907 496 64 31 him

144 560 99 32 worth
259 560 106 42 taking
380 572 61 31 any
457 565 127 27 amount
600 560 33 32 of
640 559 120 33 trouble
776 559 95 32 about
885 572 7 28 ;
909 558 62 32 and

145 633 32 20 so
192 621 39 32 he
254 622 111 42 played
387 622 53 31 the
462 633 91 31 game
578 621 33 32 of
632 621 131 42 sanctity
787 620 95 43 freely
907 620 63 32 into

143 683 54 32 the
212 683 117 32 Abbe's
345 683 107 41 hands,
467 683 61 31 and
550 683 50 31 the
620 683 90 31 latter
726 694 63 20 was
806 694 76 20 soon
898 694 73 19 con-

143 743 110 32 vinced
284 744 68 31 that
381 744 39 31 he
451 743 61 32 had
538 744 61 32 had
625 756 19 20 a
669 744 97 32 direct
789 743 182 42 inspiration

143 804 79 31 from
239 805 96 31 above
352 805 89 31 when
464 805 39 31 he
526 805 172 31 undertook
720 810 33 26 to
777 809 126 28 convert
918 804 53 32 the

143 866 209 40 postmaster's
368 878 64 20 son.

185 927 45 31 To
257 939 55 30 say
339 927 53 32 the
417 927 63 32 real
508 928 95 40 truth,
632 928 52 32 the
711 928 91 32 Abbe
827 928 143 32 Lannion

143 1000 64 20 was
223 993 32 27 at
272 989 61 31 last
350 989 140 42 disposed
506 995 32 26 to
561 989 112 42 regard
696 989 159 33 Monsieur
871 989 100 33 Theo-

143 1050 82 41 phile
251 1061 32 20 as
310 1061 19 21 a
352 1050 34 32 fit
416 1051 118 42 subject
555 1051 46 32 for
631 1051 52 32 the
714 1051 143 32 heartfelt
887 1063 84 20 com-

143 1111 122 41 passion
296 1111 34 32 of
357 1111 105 39 saints,
494 1113 60 31 and
585 1113 126 32 himself
738 1126 33 19 as
803 1126 18 19 a
846 1118 63 27 sort
942 1114 31 31 of

145 1172 118 42 earthly
301 1172 227 33 manifestation
567 1174 33 31 of
644 1174 53 32 the
741 1175 113 31 Divine
893 1175 78 41 light

146 1233 98 32 which
268 1238 84 27 turns
380 1234 90 33 Sauls
495 1235 64 32 into
583 1236 101 33 Pauls.
732 1237 42 32 M.
800 1237 170 42 Theophile

143 1295 88 31 stuck
247 1300 32 27 at
298 1295 140 42 nothing,
457 1296 60 32 and
540 1297 51 32 did
607 1298 87 32 write
717 1310 71 20 noAv
811 1299 61 32 and
895 1299 75 33 then

141 1368 39 20 an
195 1357 105 32 article
315 1357 46 32 for
376 1358 53 31 the
444 1359 122 32 Portier
589 1359 43 32 du
647 1359 139 33 Paradis
804 1361 30 42 (a
844 1361 124 42 journal

142 1416 132 33 founded
306 1420 157 41 expressly
493 1425 30 27 to
555 1420 111 33 defend
698 1422 44 32 St.
775 1422 101 41 Peter,
909 1423 61 31 and

142 1476 99 34 which
266 1490 64 20 was
354 1492 34 19 as
412 1481 144 31 wrathful
578 1493 33 20 as
633 1481 55 33 the
713 1483 151 42 Syllabus
887 1484 86 32 itself

142 1538 120 39 against
294 1539 40 30 all
375 1540 160 32 christians
567 1541 30 31 in
628 1542 124 40 general
782 1543 72 32 Avho
886 1556 81 21 Avere
