1090 1740
166 104 53 26 148

398 111 82 21 LOVE
504 111 64 21 THE
591 109 161 23 AVENGER.

163 187 78 33 their
266 193 115 28 utmost
400 188 69 41 (less
494 188 61 33 will
582 192 54 28 not
660 186 50 41 do)
724 200 7 27 ;
755 183 91 34 teach
871 182 62 33 this
961 181 30 32 in

163 249 41 33 all
224 250 39 32 its
279 249 102 41 forms,
403 255 33 27 to
460 249 76 43 high
561 249 61 33 and
645 254 32 27 to
700 248 70 40 low,
789 258 33 20 so
846 244 70 33 that
938 243 53 33 the

164 323 118 20 Avomen
299 311 34 32 of
343 311 52 32 the
411 322 84 21 more
512 311 151 32 fortunate
681 310 114 31 classes
811 318 72 31 may
900 305 91 33 knoAV

163 372 69 32 how
248 377 32 27 to
297 372 70 43 help
383 372 79 32 their
478 385 109 32 poorer
610 372 112 32 sisters.
770 371 49 32 Do
836 368 63 33 this
916 367 74 32 Avith

164 434 86 32 heart
281 435 60 31 and
373 435 74 41 soul,
480 435 61 32 and
578 434 75 32 with
692 432 199 42 intelligence
929 431 61 32 and

162 496 132 41 method,
327 496 59 32 and
416 509 77 29 your
522 496 156 41 midnight
707 493 194 44 tea-parties
928 492 61 33 and

161 569 77 29 your
254 557 98 32 whole
368 558 151 31 mistaken
536 562 116 37 system
669 557 34 31 of
715 556 157 31 antidotes
887 559 33 28 to
942 554 46 32 sin

162 619 61 31 will
249 619 38 32 be
315 620 192 43 superseded.
556 619 240 33 School-houses
820 618 61 32 and
902 630 86 20 asso-

161 680 128 33 ciations
319 680 45 33 for
390 681 51 32 the
474 681 207 43 employment
712 680 35 32 of
774 691 120 21 Avomen
926 680 62 31 will

162 742 87 32 alone
273 748 130 37 prevent
422 744 53 32 the
500 744 46 31 sin
557 757 7 28 ;
589 744 61 31 and
668 743 191 42 prevention,
877 742 31 32 in
924 741 64 33 this

162 815 78 30 case,
259 805 24 31 is
299 806 41 30 all
355 818 61 28 you
432 806 79 31 have
527 811 32 26 to
574 806 71 31 look
661 810 40 35 to,
716 805 48 31 for
782 816 72 20 cure
870 803 26 32 is
912 808 76 27 next

160 870 32 27 to
208 866 183 42 impossible.
438 867 78 32 Deal
532 867 75 31 with
626 867 53 32 the
703 871 70 27 root
795 866 35 32 of
848 866 54 32 the
926 866 61 31 evil

160 946 42 4 —
205 932 50 27 cut
271 928 23 31 it
305 941 7 27 ;
336 928 55 31 but
408 928 83 32 don't
508 928 88 32 think
613 928 151 42 anything
779 940 57 20 can
853 928 38 32 be
908 928 78 32 done

161 989 74 31 Avith
251 989 51 32 the
320 989 59 32 evil
395 989 85 33 itself
491 990 26 31 if
535 1002 61 30 you
613 990 89 32 alloAv
718 990 24 32 it
757 995 32 27 to
811 990 47 41 be,
877 989 61 33 and
953 995 32 27 to

160 1061 93 30 groAv.
301 1050 108 33 Above
426 1051 48 40 all,
492 1051 82 32 don't
597 1051 135 42 disguise
756 1051 32 41 it,
806 1063 34 20 or
863 1052 73 31 seek
952 1056 32 27 to

160 1111 135 43 beautify
311 1112 31 32 it.
390 1113 93 31 Don't
498 1117 159 38 represent
680 1113 25 31 it
729 1112 164 33 otherwise
909 1113 75 32 than

160 1172 22 32 it
198 1172 34 33 is.
279 1172 30 32 It
324 1172 24 32 is
365 1184 74 30 very
454 1173 82 41 ugly.

203 1234 44 31 As
273 1246 74 19 soon
372 1246 33 19 as
432 1234 172 31 Madeleine
629 1233 61 32 had
714 1234 137 32 attained
874 1239 32 27 to
932 1234 51 33 the

160 1294 136 42 physical
324 1294 192 42 equilibrium
541 1294 102 33 which
673 1296 26 30 is
724 1296 120 32 termed
868 1296 115 41 health,

160 1356 60 31 and
249 1355 100 32 Avhich
379 1367 62 20 Avas
473 1356 134 32 afforded
637 1357 55 31 her
716 1357 42 42 by
784 1358 81 40 food,
894 1358 89 40 Avine,

159 1416 91 42 sleep,
277 1417 52 40 air,
363 1417 141 41 exercise,
534 1418 60 31 and
622 1418 91 42 quiet,
744 1418 55 33 she
823 1419 101 43 began
952 1425 31 27 to

159 1476 70 31 take
246 1477 115 42 delight
377 1477 30 31 in
423 1478 52 31 the
491 1478 148 32 beautiful
656 1480 117 31 clothes
785 1480 100 32 which
903 1492 80 21 were

159 1536 130 42 brought
314 1537 61 41 her,
408 1539 60 30 and
499 1539 31 31 in
561 1540 52 31 the
644 1540 149 32 beautiful
822 1540 97 33 house
951 1541 31 31 in
