1090 1740
165 106 53 26 248

394 113 83 21 LOVE
500 113 63 21 THE
587 112 160 22 AVENGER.

164 190 52 33 the
240 196 124 38 present
390 196 78 27 state
495 191 35 32 of
548 190 108 32 affairs.
704 190 72 39 But,
805 186 182 43 Theophile,

164 252 31 32 in
210 253 53 32 the
279 265 89 20 name
385 252 34 33 of
437 252 41 33 all
497 252 126 42 Avorldly
639 251 139 40 Avisdom,
795 250 85 32 Avhat
901 248 89 33 could

164 314 79 32 have
270 314 130 32 induced
425 325 62 31 you
513 318 33 27 to
570 326 40 29 go
635 313 60 32 and
718 324 119 32 pounce
858 312 132 41 straight

164 386 82 31 upon
270 374 53 32 the
350 375 147 42 Marquis,
525 387 33 20 as
583 387 61 30 you
671 375 54 32 tell
751 387 49 20 me
825 386 62 31 you
915 373 74 33 did?

163 436 73 31 And
259 436 30 31 in
312 436 52 32 the
388 436 101 42 public
513 441 103 37 street,
634 441 51 27 too
697 438 7 31 !
729 436 104 33 before
849 436 53 31 the
918 434 72 44 pick

164 497 34 32 of
412 498 60 31 and
498 498 82 32 Mile.
613 498 132 42 Aspasie
778 497 148 42 indulged
956 496 32 31 in

163 561 128 31 another
307 572 88 20 sneer
412 560 34 32 of
464 561 228 40 incomparable
708 561 174 32 bitterness.

364 621 102 32 would
639 621 134 43 rejoined
803 621 182 43 Theophile,

162 683 75 32 with
262 696 40 19 an
326 683 198 42 exculpatory
546 683 95 42 shrug
652 697 6 27 ;
756 683 135 32 couldn't
916 683 71 43 help

161 744 116 43 myself.
325 745 15 31 I
366 756 63 20 Avas
451 744 66 43 just
536 744 82 32 fresh
641 744 99 40 home,
766 744 69 40 and,
859 744 90 32 when
972 744 15 32 I

162 806 114 42 caught
308 806 83 42 sight
421 805 34 32 of
484 805 72 41 him,
588 806 24 31 it
641 806 134 41 actually
802 805 124 32 seemed
956 810 31 27 to

161 867 119 31 remind
303 879 50 20 me
380 867 33 31 of
432 866 50 32 old
506 866 101 40 times,
624 866 61 31 and
711 866 16 31 I
751 870 82 27 went
857 866 130 42 straight

161 940 41 29 up
217 934 32 26 to
265 929 63 31 him
343 928 104 32 before
464 929 14 30 I
494 928 91 31 knew
600 927 84 32 what
700 928 14 30 I
730 939 65 20 was

236 989 58 32 Old
325 989 87 32 times
424 991 6 31 !
496 989 65 31 said
591 989 83 31 Mile.
708 989 141 41 Aspasie,
881 989 105 32 mock-

162 1050 85 40 ingly
258 1063 6 27 ;
320 1050 67 32 nice
404 1050 50 31 old
469 1050 91 31 times
576 1055 32 26 to
629 1050 181 40 remember,
828 1050 110 32 indeed
950 1052 6 31 !

237 1111 133 40 Nobody
392 1110 121 32 noticed
743 1111 140 42 objected
903 1113 82 31 Mar-

162 1172 113 31 donnet
287 1186 5 26 ;
401 1172 112 32 moved
534 1184 89 30 away
638 1172 103 33 before
761 1174 144 41 anybody
922 1185 63 21 saw

160 1245 50 19 me
226 1238 102 26 accost

352 1294 55 32 but
544 1295 136 32 retorted
706 1295 140 43 Aspasie.

160 1366 61 30 you
248 1367 131 30 suppose
408 1356 39 31 he
474 1356 61 31 will
565 1356 79 32 have
676 1357 78 32 been
784 1358 199 43 particularly

160 1416 129 40 rejoiced
319 1421 31 27 to
374 1416 107 32 realise
504 1416 53 33 the
580 1417 63 33 fact
666 1417 35 33 of
722 1430 77 30 your
822 1424 105 28 return
950 1425 33 28 to

232 1537 52 32 An
309 1538 128 41 impulse
449 1539 6 32 !
481 1550 56 21 one
565 1540 82 31 can't
673 1541 119 31 control
817 1543 85 32 one's
927 1543 57 33 im-
