1090 1740
308 93 250 22 MADEMOISELLE
580 94 137 21 ASPASIE.

869 89 51 26 247

101 165 180 34 Wallachia.
329 168 66 31 Pah
407 169 6 32 !
438 168 84 33 AAdiat
547 180 18 21 a
595 169 58 32 den
683 169 46 32 for
755 180 18 21 a
798 180 71 21 man
895 169 32 32 of

101 227 164 33 education
279 233 33 28 to
325 229 60 33 live
397 229 32 33 in
486 230 61 32 and
558 230 183 32 Mardonnet
754 230 170 32 shuddered

102 301 34 20 as
161 290 72 41 only
254 301 18 21 a
296 290 195 33 Frenchman
515 304 57 20 can
596 292 132 32 shudder
742 293 89 32 when
853 293 31 31 in
906 304 19 20 a

103 356 136 27 moment
255 351 35 32 of
308 363 105 20 severe
429 352 129 43 hunger,
577 353 47 32 for
646 354 145 41 instance,
808 354 38 31 he
869 354 56 31 has

102 411 53 33 the
180 411 105 33 choice
313 412 93 42 given
432 413 65 31 him
519 414 140 32 between
682 415 168 31 starvation
866 415 59 31 and

104 484 84 21 some
205 472 176 33 outlandish
397 473 78 40 dish,
492 474 136 32 wherein
651 475 61 31 eels
735 476 59 30 and
809 476 116 30 lemon-

99 534 92 42 juice,
204 546 112 29 cream,
329 535 113 41 apples,
455 536 60 30 and
525 536 81 40 beer,
620 536 138 31 combine
770 536 153 40 together!

147 596 232 32 Mademoiselle
394 597 143 41 Mourjon
553 597 122 31 seemed
697 601 32 27 to
752 596 38 31 be
809 597 115 30 reflect-

105 656 54 42 ing
173 668 84 30 upon
274 657 180 41 something,
473 658 70 40 and,
560 658 77 31 after
653 669 18 19 a
685 669 104 29 pause,
792 676 41 4 —
833 676 2 5 ■

301 718 67 31 said
391 718 62 40 she,
479 718 131 41 echoing
634 718 209 31 Mardonnet's
869 718 56 31 last

107 779 101 31 Avords
220 792 7 28 ;
316 790 72 19 man
406 778 32 32 of
451 779 169 40 education,
638 778 134 32 forsooth
785 792 5 18 :
813 778 112 31 there's

106 839 53 31 the
176 839 56 31 rub
244 840 7 31 !
298 839 108 31 That's
421 839 83 31 what
519 851 61 28 you
595 839 89 31 think

182 900 131 41 Aspasie
325 901 6 31 !
376 899 168 32 exclaimed
564 899 55 32 her
642 903 81 27 stout
738 898 188 42 companion,

109 961 73 31 Avith
210 961 75 31 such
312 973 40 19 an
379 961 157 41 explosion
567 960 34 31 of
629 959 138 32 offended
794 959 116 42 dignity
921 972 6 27 ;

107 1023 55 31 but
190 1022 53 31 she
271 1026 51 27 cut
348 1021 69 32 that
444 1022 86 31 short
551 1021 41 42 by
608 1032 18 20 a
651 1021 84 41 quiet
757 1020 101 41 laugh,
875 1020 52 32 be-

107 1085 95 32 neath
217 1085 53 31 the
287 1084 97 32 sound
400 1084 34 31 of
453 1083 101 31 which
570 1083 38 31 he
623 1082 115 40 utterly
754 1081 162 41 collapsed.

184 1147 82 41 Pray
290 1145 72 32 does
383 1145 53 31 the
459 1144 102 41 lovely
577 1143 130 32 Camille
732 1143 61 31 still
813 1142 114 31 honour

108 1220 50 20 me
174 1207 76 32 with
265 1206 53 33 the
335 1217 84 21 same
436 1205 139 42 jealousy
590 1217 34 19 as
875 1203 52 32 she

108 1268 173 33 continued.

184 1332 15 30 I
215 1329 111 43 hardly
343 1329 98 32 know.
488 1328 15 31 I
519 1327 88 32 think
629 1326 23 32 it
675 1326 93 32 safest
790 1337 94 20 never
898 1330 29 27 to

109 1392 137 32 mention
262 1402 77 29 your

184 1453 102 31 Bravo
298 1453 6 30 !
341 1462 18 20 a
388 1449 87 43 piece
502 1449 34 31 of
565 1448 165 32 admirable
757 1448 151 41 prudence
922 1461 7 27 ;

114 1515 59 32 and
188 1514 84 31 what
292 1513 16 31 I
330 1511 89 33 think
435 1510 160 41 decidedly
613 1509 92 33 safest
729 1510 59 31 and
807 1510 77 40 best,
900 1510 29 31 in
