1090 1740
316 91 123 23 CHORDS
462 93 85 21 THAT
569 94 147 21 VIBRATE.

871 90 51 25 303

146 164 67 33 The
232 165 133 43 Avhisper
381 180 63 20 was
460 169 120 33 hushed
603 182 39 20 on
659 170 143 32 Olivier's
824 169 43 42 lip
883 169 40 42 by

100 223 55 33 the
172 224 89 33 effect
277 225 35 32 of
322 226 86 32 what
423 227 40 32 he
478 228 62 32 had
556 229 73 32 said.
676 230 65 31 The
761 229 79 31 flush
856 229 68 32 died

102 290 54 27 out
188 296 39 22 on
260 286 176 34 Claudine's
467 289 97 32 cheek
596 290 60 31 and
685 290 94 38 brow,
802 289 122 41 leaving

101 346 86 33 them
210 347 84 43 paler
319 348 76 32 than
418 361 61 30 any
505 351 155 41 magnolia
683 351 62 31 leaf
766 350 61 32 had
853 362 71 20 ever

102 408 86 41 been,
207 408 52 32 the
282 409 59 32 lids
363 410 103 32 closed
483 423 73 20 over
580 412 55 31 her
652 412 83 40 dark,
755 412 169 41 dangerous

102 481 81 30 eyes,
208 470 61 31 and
295 482 42 19 an
367 471 196 42 involuntary
586 472 102 31 shiver
713 473 110 41 passed
853 484 71 20 over

99 530 56 33 her
170 531 89 31 limbs
275 543 34 20 as
326 531 54 32 she
397 532 112 42 tightly
525 534 133 40 grasped
673 534 52 31 the
742 545 65 20 arm
824 534 33 32 of
870 534 52 32 the

102 592 83 31 chair
201 604 39 19 on
255 592 101 31 which
372 592 53 31 she
442 597 55 26 sat.

145 654 30 31 It
206 665 65 20 was
301 653 53 32 the
386 653 85 31 affair
502 654 34 31 of
561 658 62 27 two
654 654 128 32 seconds
793 667 6 27 ;
836 653 88 32 when

102 715 149 33 Claudine
267 716 95 41 spoke
379 716 92 41 again
487 716 22 31 it
525 727 63 20 was
604 716 32 31 in
652 727 39 20 an
708 716 116 32 altered
840 721 81 35 tone,

103 777 60 32 and
194 788 38 21 on
259 777 172 32 indifferent
462 777 140 42 subjects.
661 777 61 32 She
752 777 110 32 looked
885 788 39 21 no

101 850 85 20 more
203 843 31 27 at
249 838 55 32 her
321 838 192 40 companion.

145 900 104 31 When
265 899 53 32 the
341 899 162 32 theatrical
527 899 212 43 performance
755 910 63 21 Avas
842 911 81 28 over,

102 961 42 32 M.
172 961 37 32 de
230 961 166 42 Moranges
417 961 61 31 and
501 960 47 32 his
569 965 105 38 guests
699 965 83 27 went
806 965 31 27 to
865 972 60 31 pay

101 1023 80 31 their
202 1023 214 42 compliments
432 1028 32 27 to
487 1022 54 32 the
557 1027 89 37 great
662 1023 101 31 artists
780 1023 69 32 who
865 1023 60 31 had

101 1084 173 32 enchanted
289 1084 93 32 them.
430 1084 131 42 Aspasie
572 1084 129 31 insisted
717 1096 40 19 on
773 1084 153 41 dragging

102 1146 43 31 off
168 1146 103 32 Count
287 1146 128 42 Dupont
431 1150 31 27 to
481 1157 49 20 see
546 1145 70 31 how
631 1145 54 31 the
701 1145 178 42 machinery
895 1146 34 31 of

100 1218 19 20 a
134 1207 118 31 theatre
267 1218 64 20 was
343 1206 126 32 worked
486 1206 45 42 (as
546 1206 119 41 though
682 1206 53 31 she
751 1206 61 31 had
832 1218 94 19 never

100 1267 103 33 before
233 1267 62 32 had
320 1279 39 20 an
389 1268 200 42 opportunity
613 1267 35 31 of
675 1266 159 42 acquiring
864 1266 60 32 this

100 1326 204 42 knowledge).

144 1389 118 33 Olivier
285 1389 61 32 and
370 1388 149 32 Claudine
541 1388 89 31 stood
654 1388 88 31 alone
766 1399 83 29 upon
871 1387 52 32 the

100 1450 144 43 peristyle
260 1450 70 32 that
353 1449 61 31 had
430 1449 78 31 been
532 1448 123 31 erected
670 1460 35 19 as
725 1460 40 19 an
781 1451 143 28 entrance

100 1510 33 27 to
151 1505 51 31 the
224 1509 178 35 temporary
418 1502 78 31 little
520 1513 92 31 opera
636 1501 104 32 house.
785 1501 38 32 In
845 1500 80 33 front
