1090 1740
163 95 51 26 210

394 102 81 19 LOVE
498 101 64 20 THE
585 99 159 22 AVENGER.

163 180 33 31 of
213 180 66 32 that
294 180 94 40 truth,
405 180 57 31 but
476 179 40 32 he
532 179 60 31 had
608 178 116 41 blindly
740 176 79 32 built
834 176 48 32 his
895 176 91 32 home

163 246 29 27 at
208 241 51 33 the
282 246 86 38 gates
385 241 35 32 of
439 240 153 40 Paradise,
610 239 101 32 whilst
735 238 146 33 Paradise
904 238 86 32 itself

161 302 61 32 had
246 303 77 31 been
347 314 79 31 open
446 307 32 27 to
501 301 72 33 him.
620 301 73 32 And
710 301 61 32 this
792 301 98 31 lesser
905 300 78 40 love,

161 365 61 31 this
249 364 191 32 sin-marked
464 363 128 43 destiny,
616 363 60 32 this
699 374 63 21 was
786 362 197 40 irrevocable,

160 431 55 36 yet
231 426 91 32 could
339 427 78 32 have
433 426 78 32 been
526 425 126 33 averted
664 427 6 31 !

202 549 102 32 When
341 549 52 32 the
432 550 101 31 croAvd
564 549 117 42 poured
710 548 81 32 forth
822 548 78 31 from
931 547 53 32 the

159 610 122 42 church,
307 611 100 32 Claire
429 611 140 32 followed
592 611 144 32 Madame
758 610 37 33 de
820 610 164 32 Mottefort

160 672 126 43 closely;
324 672 140 32 watched
501 672 56 32 her
587 684 92 30 every
710 676 186 36 movement,
928 671 56 32 her

160 745 92 30 every
268 738 74 38 step.
391 733 60 32 She
467 745 64 20 was
546 733 145 42 graceful,
709 737 53 38 yet
781 732 87 33 there
884 744 64 21 was
965 745 19 20 a

161 794 113 32 certain
290 795 180 41 abruptness
486 794 31 32 in
540 794 55 32 her
614 798 201 38 movements,
832 806 19 20 a
866 795 116 31 certain

159 860 83 27 Avant
259 856 34 31 of
312 856 118 41 dignity
446 856 60 31 and
521 868 117 29 repose.
685 857 47 31 At
747 856 53 32 the
817 856 119 32 bottom
953 857 34 31 of

159 917 54 32 the
236 922 83 37 steps
343 917 122 42 leading
480 930 41 29 up
544 922 33 27 to
601 917 52 32 the
677 918 116 31 church
809 918 74 41 they
900 923 83 28 went

158 979 79 31 their
253 979 117 31 several
386 990 93 31 ways,
498 979 61 31 and
580 979 109 40 Claire,
708 980 117 41 having
840 980 143 32 watched

159 1039 143 32 Madame
330 1040 38 32 de
397 1041 159 31 Mottefort
583 1045 52 37 get
660 1041 66 32 into
750 1041 56 33 her
833 1041 147 43 carriage,

159 1101 124 31 entered
298 1101 70 32 hers
385 1102 61 31 and
462 1102 93 32 drove
572 1113 96 30 away.

202 1162 29 31 It
248 1174 63 19 was
328 1174 18 19 a
360 1163 104 40 bright
480 1163 105 42 spring
603 1163 68 43 day,
691 1164 89 32 when
798 1165 183 43 everything

158 1222 26 31 is
208 1222 55 32 full
288 1222 35 31 of
340 1222 79 42 hope
444 1223 60 32 and
527 1223 52 33 the
600 1225 132 42 promise
749 1225 35 31 of
803 1227 178 42 expanding

158 1284 60 39 life,
235 1295 18 21 a
275 1284 119 42 closing
410 1284 88 42 April
514 1284 54 33 full
592 1286 34 31 of
644 1286 50 32 the
719 1294 262 27 announcements

158 1345 34 32 of
210 1345 80 42 May.
337 1345 66 33 The
428 1346 58 43 sky
510 1358 62 20 was
597 1348 110 42 palely,
733 1350 142 42 tenderly
899 1350 80 42 blue,

157 1405 52 33 the
235 1411 81 27 trees
340 1406 138 43 tenderly
503 1407 60 32 and
587 1409 103 42 palely
714 1422 104 29 green,
843 1411 60 32 and
927 1411 54 33 the

158 1467 94 42 youth
277 1467 34 32 of
329 1468 53 32 the
406 1480 73 30 year
504 1481 62 20 was
583 1470 106 32 visible
715 1471 31 31 in
766 1472 53 32 the
835 1472 146 42 gladness

158 1527 34 33 of
209 1533 108 28 nature
343 1530 30 31 in
400 1529 67 33 that
491 1531 147 41 exquisite
663 1531 163 42 freshness,
854 1533 30 32 in
911 1533 70 33 that
