1090 1740
141 119 52 26 156

371 126 82 19 LOVE
477 125 65 20 THE
564 123 162 22 AVENGER.

140 202 87 33 there
258 214 63 20 was
352 214 57 20 one
439 202 89 41 thing
557 201 38 32 he
626 199 61 33 had
718 203 54 28 not
798 197 86 40 tried,
908 195 59 34 and

139 264 133 33 towards
288 264 102 32 Avhich
393 284 40 2 —
436 264 60 32 like
512 275 93 30 many
619 274 72 20 men
716 260 34 33 of
768 260 48 32 his
832 271 58 31 age
906 258 61 33 and

139 333 223 37 temperament
371 347 44 4 —
424 327 38 32 he
492 326 61 32 had
582 338 19 20 a
640 331 106 36 strong
776 324 61 33 and
868 327 99 28 secret

139 389 142 42 leaning:
304 390 132 41 namely,
462 388 133 32 toAvards
615 387 54 32 the
694 386 175 41 fashioning
896 384 35 33 of
950 396 17 20 a

139 451 114 31 human
271 457 135 25 creature
422 451 46 31 for
482 451 48 31 his
547 462 67 20 own
630 449 155 33 exclusive
802 447 126 33 benefit.

183 513 72 32 And
271 525 43 28 so,
331 513 108 41 hardly
456 512 142 41 avoAving
621 511 53 32 the
690 511 62 32 fact
776 515 32 27 to
832 507 132 42 himself,

138 574 39 32 he
201 574 74 32 took
300 574 156 40 Claudine,
482 574 60 31 and
567 573 141 32 resolved
735 584 34 20 so
792 576 32 27 to
846 576 48 27 set
918 570 48 32 his

139 634 128 43 impress
292 647 81 30 upon
400 635 64 39 her,
481 634 66 33 that
575 634 53 32 she
653 634 110 32 should
786 638 32 27 to
839 633 63 31 him
927 633 39 30 be

139 695 121 42 exactly
276 695 82 33 Avhat
373 695 39 32 he
429 695 100 41 chose,
547 695 60 32 and
623 701 32 26 to
670 695 54 32 the
740 694 100 32 whole
856 698 62 28 rest
935 693 35 32 of

139 756 52 33 the
207 757 96 32 world
318 757 38 32 be
372 757 138 40 nothing.

183 818 85 32 Here
293 818 89 41 again
409 830 61 30 you
494 818 80 32 have
593 818 52 32 the
662 818 227 42 inconsistency
905 817 60 33 and

140 878 179 43 dishonesty
346 879 100 32 which
476 879 26 31 is
530 891 33 19 so
588 879 156 42 curiously
769 884 32 26 at
824 879 84 31 work
934 879 31 31 in

139 940 54 32 the
208 945 124 36 present
348 941 59 40 clay
422 941 31 31 in
470 942 127 31 France.

183 1002 96 32 What
294 1003 43 31 M.
355 1003 38 31 de
408 1003 167 40 Moranges
599 1003 121 31 wanted
743 1015 64 20 was
831 1014 19 20 a
865 1002 100 41 home,

140 1074 19 20 a
174 1068 103 27 centre
293 1063 97 31 round
405 1064 101 32 Avhich
524 1064 38 31 he
586 1064 90 32 could
694 1076 99 30 group
810 1064 159 32 AAdiatever

140 1125 137 31 external
303 1125 147 32 elements
481 1126 69 31 best
579 1126 126 41 pleased
732 1126 72 39 him,
833 1126 55 31 but
913 1126 54 31 the

140 1186 83 42 price
255 1191 31 27 to
310 1198 62 30 pay
398 1186 46 32 for
470 1186 62 32 this
559 1187 25 31 is
612 1187 162 40 marriage,
807 1187 61 31 and
899 1187 69 32 that

140 1247 82 43 price
247 1252 32 27 to
304 1247 51 32 the
380 1247 138 42 Marquis
546 1248 123 32 seemed
700 1248 184 43 intolerably
915 1253 53 27 too

141 1308 85 42 high.
273 1308 59 41 He,
349 1308 69 33 Avho
435 1309 101 32 Avould
553 1314 55 27 not
620 1309 79 32 have
715 1309 95 33 borne
827 1322 19 19 a
861 1311 107 41 copied

141 1370 117 42 picture
287 1382 37 20 on
353 1382 56 20 one
437 1370 34 32 of
489 1370 53 32 the
567 1370 86 32 AA'alls
679 1371 34 31 of
732 1371 47 32 his
811 1372 156 41 dwelling,

142 1430 113 42 agreed
281 1435 32 28 to
340 1432 112 42 regard
475 1444 33 19 as
532 1432 133 42 genuine
690 1432 61 32 this
776 1445 79 30 copy
877 1434 35 31 of
929 1445 40 20 an

143 1490 179 40 institution,
342 1493 60 31 and
424 1493 38 31 he
486 1493 127 32 decided
637 1506 82 30 upon
736 1494 186 41 attempting
937 1499 32 27 to

143 1552 126 32 defraud
293 1554 98 31 Truth
420 1554 34 31 of
472 1555 37 31 its
535 1555 97 40 rights
651 1555 42 40 by
715 1555 158 40 obtaining
890 1555 78 32 from
