<?xml version="1.0" encoding="UTF-8"?>
<alto xmlns:xsi="http://www.w3.org/2001/XMLSchema-instance" xsi:noNamespaceSchemaLocation="http://www.bl.uk/schemas/alto/alto-1-4.xsd" xmlns:xlink="http://www.w3.org/1999/xlink">
	<Description>
		<MeasurementUnit>mm10</MeasurementUnit>
		<sourceImageInformation>
			<fileName>//head1/IN/2007-46/A0010888503.1/009837.jp2</fileName>
		</sourceImageInformation>
		<OCRProcessing ID="OCRPROCESSING_1">
			<preProcessingStep>
				<processingSoftware>
					<softwareCreator>CCS Content Conversion Specialists GmbH, Germany</softwareCreator>
					<softwareName>CCS docWORKS</softwareName>
					<softwareVersion>6.1-0.61</softwareVersion>
				</processingSoftware>
			</preProcessingStep>
			<ocrProcessingStep>
				<processingSoftware>
					<softwareCreator>ABBYY (BIT Software), Russia</softwareCreator>
					<softwareName>Finereader</softwareName>
				</processingSoftware>
			</ocrProcessingStep>
		</OCRProcessing>
	</Description>
	<Styles>
		<TextStyle ID="TXT_0" FONTSIZE="11" FONTFAMILY="Courier New"/>
		<TextStyle ID="TXT_1" FONTSIZE="10" FONTFAMILY="Courier New"/>
		<ParagraphStyle ID="PAR_RIGHT" ALIGN="Right"/>
		<ParagraphStyle ID="PAR_LEFT" ALIGN="Left"/>
	</Styles>
	<Layout>
		<Page ID="P293" PHYSICAL_IMG_NR="293" HEIGHT="1740" WIDTH="1090" PRINTED_IMG_NR="281" POSITION="Right" ACCURACY="77.98">
			<TopMargin ID="P293_TM00001" HPOS="0" VPOS="0" WIDTH="1089" HEIGHT="125">
				<TextBlock ID="P293_TB00001" HPOS="869" VPOS="99" WIDTH="53" HEIGHT="24" STYLEREFS="TXT_0 PAR_RIGHT">
					<TextLine ID="P293_TL00001" HPOS="869" VPOS="99" WIDTH="53" HEIGHT="24">
						<String ID="P293_ST00001" HPOS="869" VPOS="99" WIDTH="53" HEIGHT="24" CONTENT="281" WC="1.00" CC="000"/>
					</TextLine>
				</TextBlock>
				<TextBlock ID="P293_TB00002" HPOS="398" VPOS="101" WIDTH="227" HEIGHT="22" STYLEREFS="TXT_1 PAR_LEFT">
					<TextLine ID="P293_TL00002" HPOS="400" VPOS="102" WIDTH="225" HEIGHT="21">
						<String ID="P293_ST00002" HPOS="400" VPOS="102" WIDTH="69" HEIGHT="21" CONTENT="TWO" WC="1.00" CC="000"/>
						<SP ID="P293_SP00001" HPOS="469" VPOS="123" WIDTH="23"/>
						<String ID="P293_ST00003" HPOS="492" VPOS="102" WIDTH="133" HEIGHT="21" CONTENT="POWERS." WC="0.56" CC="7009750"/>
					</TextLine>
				</TextBlock>
			</TopMargin>
			<LeftMargin ID="P293_LM00001" HPOS="0" VPOS="125" WIDTH="87" HEIGHT="1441"/>
			<RightMargin ID="P293_RM00001" HPOS="922" VPOS="125" WIDTH="167" HEIGHT="1441"/>
			<BottomMargin ID="P293_BM00001" HPOS="0" VPOS="1566" WIDTH="1089" HEIGHT="173"/>
			<PrintSpace ID="P293_PS00001" HPOS="87" VPOS="125" WIDTH="835" HEIGHT="1441">
				<TextBlock ID="P293_TB00003" HPOS="99" VPOS="175" WIDTH="823" HEIGHT="340" STYLEREFS="TXT_1 PAR_LEFT">
					<TextLine ID="P293_TL00003" HPOS="100" VPOS="175" WIDTH="822" HEIGHT="45">
						<String ID="P293_ST00004" HPOS="100" VPOS="175" WIDTH="130" HEIGHT="32" CONTENT="number" WC="0.87" CC="700000"/>
						<SP ID="P293_SP00002" HPOS="230" VPOS="207" WIDTH="16"/>
						<String ID="P293_ST00005" HPOS="246" VPOS="177" WIDTH="35" HEIGHT="31" CONTENT="of" WC="1.00" CC="00"/>
						<SP ID="P293_SP00003" HPOS="281" VPOS="208" WIDTH="18"/>
						<String ID="P293_ST00006" HPOS="299" VPOS="178" WIDTH="265" HEIGHT="42" CONTENT="pattern-dresses," WC="0.83" CC="0000066204020030"/>
						<SP ID="P293_SP00004" HPOS="564" VPOS="220" WIDTH="19"/>
						<String ID="P293_ST00007" HPOS="583" VPOS="179" WIDTH="99" HEIGHT="32" CONTENT="which" WC="0.66" CC="07107"/>
						<SP ID="P293_SP00005" HPOS="682" VPOS="220" WIDTH="21"/>
						<String ID="P293_ST00008" HPOS="703" VPOS="178" WIDTH="54" HEIGHT="32" CONTENT="she" WC="0.53" CC="670"/>
						<SP ID="P293_SP00006" HPOS="757" VPOS="220" WIDTH="16"/>
						<String ID="P293_ST00009" HPOS="773" VPOS="178" WIDTH="72" HEIGHT="32" CONTENT="then" WC="0.63" CC="0707"/>
						<SP ID="P293_SP00007" HPOS="845" VPOS="220" WIDTH="17"/>
						<String ID="P293_ST00010" HPOS="862" VPOS="179" WIDTH="60" HEIGHT="31" CONTENT="had" WC="0.75" CC="700"/>
					</TextLine>
					<TextLine ID="P293_TL00004" HPOS="100" VPOS="236" WIDTH="822" HEIGHT="46">
						<String ID="P293_ST00011" HPOS="100" VPOS="236" WIDTH="109" HEIGHT="41" CONTENT="copied" WC="0.85" CC="010500"/>
						<SP ID="P293_SP00008" HPOS="209" VPOS="277" WIDTH="26"/>
						<String ID="P293_ST00012" HPOS="235" VPOS="237" WIDTH="42" HEIGHT="42" CONTENT="by" WC="1.00" CC="00"/>
						<SP ID="P293_SP00009" HPOS="277" VPOS="279" WIDTH="24"/>
						<String ID="P293_ST00013" HPOS="301" VPOS="239" WIDTH="122" HEIGHT="32" CONTENT="smaller" WC="0.72" CC="0005615"/>
						<SP ID="P293_SP00010" HPOS="423" VPOS="279" WIDTH="26"/>
						<String ID="P293_ST00014" HPOS="449" VPOS="240" WIDTH="109" HEIGHT="42" CONTENT="people" WC="1.00" CC="000000"/>
						<SP ID="P293_SP00011" HPOS="558" VPOS="282" WIDTH="29"/>
						<String ID="P293_ST00015" HPOS="587" VPOS="253" WIDTH="32" HEIGHT="19" CONTENT="or" WC="0.94" CC="01"/>
						<SP ID="P293_SP00012" HPOS="619" VPOS="282" WIDTH="26"/>
						<String ID="P293_ST00016" HPOS="645" VPOS="240" WIDTH="173" HEIGHT="32" CONTENT="sometimes" WC="0.77" CC="525000005"/>
						<SP ID="P293_SP00013" HPOS="818" VPOS="282" WIDTH="27"/>
						<String ID="P293_ST00017" HPOS="845" VPOS="252" WIDTH="77" HEIGHT="20" CONTENT="even" WC="0.67" CC="0606"/>
					</TextLine>
					<TextLine ID="P293_TL00005" HPOS="100" VPOS="296" WIDTH="822" HEIGHT="47">
						<String ID="P293_ST00018" HPOS="100" VPOS="296" WIDTH="42" HEIGHT="41" CONTENT="by" WC="0.89" CC="20"/>
						<SP ID="P293_SP00014" HPOS="142" VPOS="337" WIDTH="16"/>
						<String ID="P293_ST00019" HPOS="158" VPOS="297" WIDTH="56" HEIGHT="33" CONTENT="her" WC="0.58" CC="704"/>
						<SP ID="P293_SP00015" HPOS="214" VPOS="337" WIDTH="16"/>
						<String ID="P293_ST00020" HPOS="230" VPOS="310" WIDTH="69" HEIGHT="21" CONTENT="own" WC="0.81" CC="005"/>
						<SP ID="P293_SP00016" HPOS="299" VPOS="337" WIDTH="21"/>
						<String ID="P293_ST00021" HPOS="320" VPOS="300" WIDTH="90" HEIGHT="33" CONTENT="maid." WC="0.94" CC="00200"/>
						<SP ID="P293_SP00017" HPOS="410" VPOS="337" WIDTH="47"/>
						<String ID="P293_ST00022" HPOS="457" VPOS="302" WIDTH="140" HEIGHT="41" CONTENT="Nothing" WC="0.69" CC="0007670"/>
						<SP ID="P293_SP00018" HPOS="597" VPOS="343" WIDTH="14"/>
						<String ID="P293_ST00023" HPOS="611" VPOS="314" WIDTH="63" HEIGHT="20" CONTENT="was" WC="0.81" CC="005"/>
						<SP ID="P293_SP00019" HPOS="674" VPOS="343" WIDTH="17"/>
						<String ID="P293_ST00024" HPOS="691" VPOS="302" WIDTH="96" HEIGHT="32" CONTENT="easier" WC="0.81" CC="002602"/>
						<SP ID="P293_SP00020" HPOS="787" VPOS="343" WIDTH="14"/>
						<String ID="P293_ST00025" HPOS="801" VPOS="301" WIDTH="76" HEIGHT="32" CONTENT="than" WC="0.66" CC="0607"/>
						<SP ID="P293_SP00021" HPOS="877" VPOS="343" WIDTH="15"/>
						<String ID="P293_ST00026" HPOS="892" VPOS="306" WIDTH="30" HEIGHT="27" CONTENT="to" WC="0.91" CC="01"/>
					</TextLine>
					<TextLine ID="P293_TL00006" HPOS="100" VPOS="361" WIDTH="822" HEIGHT="43">
						<String ID="P293_ST00027" HPOS="100" VPOS="365" WIDTH="83" HEIGHT="26" CONTENT="meet" WC="0.86" CC="0005"/>
						<SP ID="P293_SP00022" HPOS="183" VPOS="391" WIDTH="30"/>
						<String ID="P293_ST00028" HPOS="213" VPOS="361" WIDTH="131" HEIGHT="42" CONTENT="Aspasie" WC="0.65" CC="0907340"/>
						<SP ID="P293_SP00023" HPOS="344" VPOS="403" WIDTH="39"/>
						<String ID="P293_ST00029" HPOS="383" VPOS="362" WIDTH="43" HEIGHT="42" CONTENT="by" WC="0.63" CC="70"/>
						<SP ID="P293_SP00024" HPOS="426" VPOS="404" WIDTH="30"/>
						<String ID="P293_ST00030" HPOS="456" VPOS="362" WIDTH="122" HEIGHT="41" CONTENT="chance," WC="0.76" CC="0707001"/>
						<SP ID="P293_SP00025" HPOS="578" VPOS="404" WIDTH="33"/>
						<String ID="P293_ST00031" HPOS="611" VPOS="363" WIDTH="62" HEIGHT="31" CONTENT="and" WC="1.00" CC="000"/>
						<SP ID="P293_SP00026" HPOS="673" VPOS="404" WIDTH="40"/>
						<String ID="P293_ST00032" HPOS="713" VPOS="364" WIDTH="142" HEIGHT="31" CONTENT="Madame" WC="0.85" CC="900000"/>
						<SP ID="P293_SP00027" HPOS="855" VPOS="404" WIDTH="30"/>
						<String ID="P293_ST00033" HPOS="885" VPOS="363" WIDTH="37" HEIGHT="31" CONTENT="de" WC="1.00" CC="00"/>
					</TextLine>
					<TextLine ID="P293_TL00007" HPOS="100" VPOS="419" WIDTH="822" HEIGHT="47">
						<String ID="P293_ST00034" HPOS="100" VPOS="419" WIDTH="188" HEIGHT="34" CONTENT="Beauvoisin" WC="0.57" CC="6007705257"/>
						<SP ID="P293_SP00028" HPOS="288" VPOS="453" WIDTH="39"/>
						<String ID="P293_ST00035" HPOS="327" VPOS="422" WIDTH="128" HEIGHT="32" CONTENT="decided" WC="0.93" CC="0004000"/>
						<SP ID="P293_SP00029" HPOS="455" VPOS="454" WIDTH="38"/>
						<String ID="P293_ST00036" HPOS="493" VPOS="423" WIDTH="68" HEIGHT="32" CONTENT="that" WC="0.68" CC="4700"/>
						<SP ID="P293_SP00030" HPOS="561" VPOS="455" WIDTH="30"/>
						<String ID="P293_ST00037" HPOS="591" VPOS="424" WIDTH="61" HEIGHT="31" CONTENT="this" WC="0.63" CC="1705"/>
						<SP ID="P293_SP00031" HPOS="652" VPOS="455" WIDTH="30"/>
						<String ID="P293_ST00038" HPOS="682" VPOS="436" WIDTH="62" HEIGHT="20" CONTENT="was" WC="0.86" CC="004"/>
						<SP ID="P293_SP00032" HPOS="744" VPOS="456" WIDTH="30"/>
						<String ID="P293_ST00039" HPOS="774" VPOS="425" WIDTH="148" HEIGHT="41" CONTENT="precisely" WC="0.86" CC="000054020"/>
					</TextLine>
					<TextLine ID="P293_TL00008" HPOS="101" VPOS="481" WIDTH="336" HEIGHT="34">
						<String ID="P293_ST00040" HPOS="101" VPOS="481" WIDTH="83" HEIGHT="32" CONTENT="what" WC="0.81" CC="0700"/>
						<SP ID="P293_SP00033" HPOS="184" VPOS="513" WIDTH="16"/>
						<String ID="P293_ST00041" HPOS="200" VPOS="482" WIDTH="54" HEIGHT="32" CONTENT="she" WC="0.71" CC="170"/>
						<SP ID="P293_SP00034" HPOS="254" VPOS="514" WIDTH="17"/>
						<String ID="P293_ST00042" HPOS="271" VPOS="484" WIDTH="102" HEIGHT="31" CONTENT="would" WC="0.79" CC="02520"/>
						<SP ID="P293_SP00035" HPOS="373" VPOS="515" WIDTH="16"/>
						<String ID="P293_ST00043" HPOS="389" VPOS="485" WIDTH="48" HEIGHT="30" CONTENT="do." WC="0.91" CC="002"/>
					</TextLine>
				</TextBlock>
				<TextBlock ID="P293_TB00004" HPOS="87" VPOS="543" WIDTH="835" HEIGHT="1023" STYLEREFS="TXT_1 PAR_LEFT">
					<TextLine ID="P293_TL00009" HPOS="144" VPOS="543" WIDTH="776" HEIGHT="43">
						<String ID="P293_ST00044" HPOS="144" VPOS="543" WIDTH="68" HEIGHT="32" CONTENT="One" WC="0.88" CC="030"/>
						<SP ID="P293_SP00036" HPOS="212" VPOS="575" WIDTH="14"/>
						<String ID="P293_ST00045" HPOS="226" VPOS="544" WIDTH="61" HEIGHT="42" CONTENT="day" WC="1.00" CC="000"/>
						<SP ID="P293_SP00037" HPOS="287" VPOS="586" WIDTH="14"/>
						<String ID="P293_ST00046" HPOS="301" VPOS="545" WIDTH="31" HEIGHT="31" CONTENT="in" WC="0.35" CC="57"/>
						<SP ID="P293_SP00038" HPOS="332" VPOS="586" WIDTH="16"/>
						<String ID="P293_ST00047" HPOS="348" VPOS="545" WIDTH="53" HEIGHT="32" CONTENT="the" WC="0.75" CC="070"/>
						<SP ID="P293_SP00039" HPOS="401" VPOS="586" WIDTH="15"/>
						<String ID="P293_ST00048" HPOS="416" VPOS="546" WIDTH="113" HEIGHT="32" CONTENT="middle" WC="0.67" CC="960040"/>
						<SP ID="P293_SP00040" HPOS="529" VPOS="586" WIDTH="19"/>
						<String ID="P293_ST00049" HPOS="548" VPOS="546" WIDTH="35" HEIGHT="31" CONTENT="of" WC="0.85" CC="20"/>
						<SP ID="P293_SP00041" HPOS="583" VPOS="586" WIDTH="18"/>
						<String ID="P293_ST00050" HPOS="601" VPOS="547" WIDTH="40" HEIGHT="30" CONTENT="all" WC="0.76" CC="042"/>
						<SP ID="P293_SP00042" HPOS="641" VPOS="586" WIDTH="23"/>
						<String ID="P293_ST00051" HPOS="664" VPOS="547" WIDTH="53" HEIGHT="31" CONTENT="the" WC="0.53" CC="670"/>
						<SP ID="P293_SP00043" HPOS="717" VPOS="586" WIDTH="17"/>
						<String ID="P293_ST00052" HPOS="734" VPOS="547" WIDTH="80" HEIGHT="39" CONTENT="silks," WC="0.65" CC="255600"/>
						<SP ID="P293_SP00044" HPOS="814" VPOS="586" WIDTH="17"/>
						<String ID="P293_ST00053" HPOS="831" VPOS="547" WIDTH="89" HEIGHT="39" CONTENT="laces," WC="0.80" CC="200260"/>
					</TextLine>
					<TextLine ID="P293_TL00010" HPOS="98" VPOS="604" WIDTH="823" HEIGHT="43">
						<String ID="P293_ST00054" HPOS="98" VPOS="604" WIDTH="62" HEIGHT="31" CONTENT="and" WC="0.76" CC="070"/>
						<SP ID="P293_SP00045" HPOS="160" VPOS="635" WIDTH="30"/>
						<String ID="P293_ST00055" HPOS="190" VPOS="606" WIDTH="99" HEIGHT="41" CONTENT="costly" WC="0.82" CC="004050"/>
						<SP ID="P293_SP00046" HPOS="289" VPOS="647" WIDTH="31"/>
						<String ID="P293_ST00056" HPOS="320" VPOS="606" WIDTH="86" HEIGHT="32" CONTENT="stuffs" WC="0.50" CC="636903"/>
						<SP ID="P293_SP00047" HPOS="406" VPOS="647" WIDTH="26"/>
						<String ID="P293_ST00057" HPOS="432" VPOS="607" WIDTH="69" HEIGHT="31" CONTENT="that" WC="0.81" CC="0700"/>
						<SP ID="P293_SP00048" HPOS="501" VPOS="647" WIDTH="37"/>
						<String ID="P293_ST00058" HPOS="538" VPOS="612" WIDTH="66" HEIGHT="27" CONTENT="east" WC="0.81" CC="1320"/>
						<SP ID="P293_SP00049" HPOS="604" VPOS="647" WIDTH="31"/>
						<String ID="P293_ST00059" HPOS="635" VPOS="608" WIDTH="61" HEIGHT="31" CONTENT="and" WC="0.83" CC="050"/>
						<SP ID="P293_SP00050" HPOS="696" VPOS="647" WIDTH="29"/>
						<String ID="P293_ST00060" HPOS="725" VPOS="613" WIDTH="77" HEIGHT="26" CONTENT="Avest" WC="0.76" CC="00065"/>
						<SP ID="P293_SP00051" HPOS="802" VPOS="647" WIDTH="31"/>
						<String ID="P293_ST00061" HPOS="833" VPOS="608" WIDTH="88" HEIGHT="31" CONTENT="could" WC="0.77" CC="00640"/>
					</TextLine>
					<TextLine ID="P293_TL00011" HPOS="98" VPOS="666" WIDTH="822" HEIGHT="45">
						<String ID="P293_ST00062" HPOS="98" VPOS="666" WIDTH="119" HEIGHT="32" CONTENT="furnish" WC="0.52" CC="0636457"/>
						<SP ID="P293_SP00052" HPOS="217" VPOS="698" WIDTH="26"/>
						<String ID="P293_ST00063" HPOS="243" VPOS="668" WIDTH="48" HEIGHT="31" CONTENT="for" WC="0.82" CC="005"/>
						<SP ID="P293_SP00053" HPOS="291" VPOS="699" WIDTH="30"/>
						<String ID="P293_ST00064" HPOS="321" VPOS="668" WIDTH="52" HEIGHT="32" CONTENT="the" WC="0.75" CC="070"/>
						<SP ID="P293_SP00054" HPOS="373" VPOS="700" WIDTH="31"/>
						<String ID="P293_ST00065" HPOS="404" VPOS="669" WIDTH="182" HEIGHT="32" CONTENT="adornment" WC="0.83" CC="000370040"/>
						<SP ID="P293_SP00055" HPOS="586" VPOS="701" WIDTH="31"/>
						<String ID="P293_ST00066" HPOS="617" VPOS="669" WIDTH="33" HEIGHT="31" CONTENT="of" WC="0.64" CC="70"/>
						<SP ID="P293_SP00056" HPOS="650" VPOS="701" WIDTH="24"/>
						<String ID="P293_ST00067" HPOS="674" VPOS="669" WIDTH="246" HEIGHT="42" CONTENT="hyper-civilized" WC="0.80" CC="700030060524000"/>
					</TextLine>
					<TextLine ID="P293_TL00012" HPOS="98" VPOS="729" WIDTH="824" HEIGHT="43">
						<String ID="P293_ST00068" HPOS="98" VPOS="739" WIDTH="130" HEIGHT="29" CONTENT="AAToman," WC="0.78" CC="00700072"/>
						<SP ID="P293_SP00057" HPOS="228" VPOS="768" WIDTH="20"/>
						<String ID="P293_ST00069" HPOS="248" VPOS="729" WIDTH="61" HEIGHT="31" CONTENT="and" WC="0.75" CC="070"/>
						<SP ID="P293_SP00058" HPOS="309" VPOS="768" WIDTH="27"/>
						<String ID="P293_ST00070" HPOS="336" VPOS="741" WIDTH="18" HEIGHT="20" CONTENT="a" WC="1.00" CC="0"/>
						<SP ID="P293_SP00059" HPOS="354" VPOS="768" WIDTH="24"/>
						<String ID="P293_ST00071" HPOS="378" VPOS="729" WIDTH="59" HEIGHT="32" CONTENT="few" WC="1.00" CC="000"/>
						<SP ID="P293_SP00060" HPOS="437" VPOS="768" WIDTH="25"/>
						<String ID="P293_ST00072" HPOS="462" VPOS="729" WIDTH="75" HEIGHT="42" CONTENT="days" WC="0.77" CC="8000"/>
						<SP ID="P293_SP00061" HPOS="537" VPOS="771" WIDTH="27"/>
						<String ID="P293_ST00073" HPOS="564" VPOS="730" WIDTH="141" HEIGHT="42" CONTENT="previous" WC="0.57" CC="06075077"/>
						<SP ID="P293_SP00062" HPOS="705" VPOS="772" WIDTH="23"/>
						<String ID="P293_ST00074" HPOS="728" VPOS="735" WIDTH="31" HEIGHT="27" CONTENT="to" WC="0.86" CC="02"/>
						<SP ID="P293_SP00063" HPOS="759" VPOS="772" WIDTH="26"/>
						<String ID="P293_ST00075" HPOS="785" VPOS="741" WIDTH="17" HEIGHT="21" CONTENT="a" WC="1.00" CC="0"/>
						<SP ID="P293_SP00064" HPOS="802" VPOS="772" WIDTH="23"/>
						<String ID="P293_ST00076" HPOS="825" VPOS="730" WIDTH="97" HEIGHT="41" CONTENT="grand" WC="0.84" CC="01060"/>
					</TextLine>
					<TextLine ID="P293_TL00013" HPOS="98" VPOS="789" WIDTH="823" HEIGHT="43">
						<String ID="P293_ST00077" HPOS="98" VPOS="789" WIDTH="104" HEIGHT="41" CONTENT="public" WC="0.68" CC="060560"/>
						<SP ID="P293_SP00065" HPOS="202" VPOS="830" WIDTH="31"/>
						<String ID="P293_ST00078" HPOS="233" VPOS="790" WIDTH="62" HEIGHT="31" CONTENT="ball" WC="0.63" CC="3065"/>
						<SP ID="P293_SP00066" HPOS="295" VPOS="830" WIDTH="30"/>
						<String ID="P293_ST00079" HPOS="325" VPOS="795" WIDTH="32" HEIGHT="27" CONTENT="to" WC="0.61" CC="43"/>
						<SP ID="P293_SP00067" HPOS="357" VPOS="830" WIDTH="30"/>
						<String ID="P293_ST00080" HPOS="387" VPOS="790" WIDTH="39" HEIGHT="32" CONTENT="be" WC="0.65" CC="70"/>
						<SP ID="P293_SP00068" HPOS="426" VPOS="830" WIDTH="37"/>
						<String ID="P293_ST00081" HPOS="463" VPOS="790" WIDTH="92" HEIGHT="41" CONTENT="given" WC="0.61" CC="04707"/>
						<SP ID="P293_SP00069" HPOS="555" VPOS="831" WIDTH="30"/>
						<String ID="P293_ST00082" HPOS="585" VPOS="796" WIDTH="31" HEIGHT="26" CONTENT="at" WC="1.00" CC="00"/>
						<SP ID="P293_SP00070" HPOS="616" VPOS="831" WIDTH="29"/>
						<String ID="P293_ST00083" HPOS="645" VPOS="790" WIDTH="51" HEIGHT="33" CONTENT="the" WC="0.58" CC="570"/>
						<SP ID="P293_SP00071" HPOS="696" VPOS="831" WIDTH="32"/>
						<String ID="P293_ST00084" HPOS="728" VPOS="790" WIDTH="110" HEIGHT="42" CONTENT="Opera," WC="0.75" CC="300550"/>
						<SP ID="P293_SP00072" HPOS="838" VPOS="832" WIDTH="31"/>
						<String ID="P293_ST00085" HPOS="869" VPOS="790" WIDTH="52" HEIGHT="32" CONTENT="the" WC="0.75" CC="070"/>
					</TextLine>
					<TextLine ID="P293_TL00014" HPOS="98" VPOS="851" WIDTH="823" HEIGHT="42">
						<String ID="P293_ST00086" HPOS="98" VPOS="851" WIDTH="154" HEIGHT="40" CONTENT="Dowager" WC="0.75" CC="7000900"/>
						<SP ID="P293_SP00073" HPOS="252" VPOS="891" WIDTH="30"/>
						<String ID="P293_ST00087" HPOS="282" VPOS="851" WIDTH="95" HEIGHT="31" CONTENT="found" WC="0.70" CC="20560"/>
						<SP ID="P293_SP00074" HPOS="377" VPOS="891" WIDTH="39"/>
						<String ID="P293_ST00088" HPOS="416" VPOS="851" WIDTH="118" HEIGHT="31" CONTENT="herself" WC="0.69" CC="7073030"/>
						<SP ID="P293_SP00075" HPOS="534" VPOS="891" WIDTH="30"/>
						<String ID="P293_ST00089" HPOS="564" VPOS="851" WIDTH="41" HEIGHT="42" CONTENT="by" WC="0.76" CC="40"/>
						<SP ID="P293_SP00076" HPOS="605" VPOS="893" WIDTH="30"/>
						<String ID="P293_ST00090" HPOS="635" VPOS="851" WIDTH="113" HEIGHT="32" CONTENT="chance" WC="0.78" CC="070500"/>
						<SP ID="P293_SP00077" HPOS="748" VPOS="893" WIDTH="32"/>
						<String ID="P293_ST00091" HPOS="780" VPOS="851" WIDTH="141" HEIGHT="41" CONTENT="standing" WC="0.57" CC="50060579"/>
					</TextLine>
					<TextLine ID="P293_TL00015" HPOS="97" VPOS="912" WIDTH="823" HEIGHT="42">
						<String ID="P293_ST00092" HPOS="97" VPOS="912" WIDTH="67" HEIGHT="32" CONTENT="face" WC="1.00" CC="0000"/>
						<SP ID="P293_SP00078" HPOS="164" VPOS="944" WIDTH="24"/>
						<String ID="P293_ST00093" HPOS="188" VPOS="917" WIDTH="32" HEIGHT="27" CONTENT="to" WC="0.96" CC="00"/>
						<SP ID="P293_SP00079" HPOS="220" VPOS="944" WIDTH="23"/>
						<String ID="P293_ST00094" HPOS="243" VPOS="912" WIDTH="66" HEIGHT="32" CONTENT="face" WC="1.00" CC="0000"/>
						<SP ID="P293_SP00080" HPOS="309" VPOS="944" WIDTH="25"/>
						<String ID="P293_ST00095" HPOS="334" VPOS="912" WIDTH="73" HEIGHT="31" CONTENT="with" WC="0.72" CC="0307"/>
						<SP ID="P293_SP00081" HPOS="407" VPOS="944" WIDTH="24"/>
						<String ID="P293_ST00096" HPOS="431" VPOS="912" WIDTH="83" HEIGHT="32" CONTENT="Mile," WC="0.91" CC="01200"/>
						<SP ID="P293_SP00082" HPOS="514" VPOS="944" WIDTH="25"/>
						<String ID="P293_ST00097" HPOS="539" VPOS="912" WIDTH="37" HEIGHT="32" CONTENT="de" WC="1.00" CC="00"/>
						<SP ID="P293_SP00083" HPOS="576" VPOS="944" WIDTH="24"/>
						<String ID="P293_ST00098" HPOS="600" VPOS="912" WIDTH="221" HEIGHT="42" CONTENT="Mourjonville," WC="0.71" CC="0065026551001"/>
						<SP ID="P293_SP00084" HPOS="821" VPOS="954" WIDTH="25"/>
						<String ID="P293_ST00099" HPOS="846" VPOS="912" WIDTH="74" HEIGHT="31" CONTENT="with" WC="0.42" CC="9507"/>
					</TextLine>
					<TextLine ID="P293_TL00016" HPOS="95" VPOS="972" WIDTH="824" HEIGHT="42">
						<String ID="P293_ST00100" HPOS="95" VPOS="984" WIDTH="20" HEIGHT="21" CONTENT="a" WC="1.00" CC="0"/>
						<SP ID="P293_SP00085" HPOS="115" VPOS="1005" WIDTH="30"/>
						<String ID="P293_ST00101" HPOS="145" VPOS="972" WIDTH="82" HEIGHT="33" CONTENT="Buhl" WC="0.43" CC="6672"/>
						<SP ID="P293_SP00086" HPOS="227" VPOS="1005" WIDTH="38"/>
						<String ID="P293_ST00102" HPOS="265" VPOS="972" WIDTH="82" HEIGHT="33" CONTENT="table" WC="0.68" CC="40740"/>
						<SP ID="P293_SP00087" HPOS="347" VPOS="1005" WIDTH="41"/>
						<String ID="P293_ST00103" HPOS="388" VPOS="972" WIDTH="142" HEIGHT="32" CONTENT="between" WC="0.84" CC="7000002"/>
						<SP ID="P293_SP00088" HPOS="530" VPOS="1005" WIDTH="40"/>
						<String ID="P293_ST00104" HPOS="570" VPOS="973" WIDTH="93" HEIGHT="39" CONTENT="them," WC="0.73" CC="47001"/>
						<SP ID="P293_SP00089" HPOS="663" VPOS="1012" WIDTH="33"/>
						<String ID="P293_ST00105" HPOS="696" VPOS="973" WIDTH="61" HEIGHT="31" CONTENT="and" WC="0.61" CC="650"/>
						<SP ID="P293_SP00090" HPOS="757" VPOS="1012" WIDTH="30"/>
						<String ID="P293_ST00106" HPOS="787" VPOS="984" WIDTH="19" HEIGHT="21" CONTENT="a" WC="1.00" CC="0"/>
						<SP ID="P293_SP00091" HPOS="806" VPOS="1012" WIDTH="36"/>
						<String ID="P293_ST00107" HPOS="842" VPOS="972" WIDTH="77" HEIGHT="42" CONTENT="deep" WC="0.95" CC="0200"/>
					</TextLine>
					<TextLine ID="P293_TL00017" HPOS="94" VPOS="1033" WIDTH="828" HEIGHT="43">
						<String ID="P293_ST00108" HPOS="94" VPOS="1034" WIDTH="120" HEIGHT="32" CONTENT="flounce" WC="0.83" CC="0006500"/>
						<SP ID="P293_SP00092" HPOS="214" VPOS="1066" WIDTH="25"/>
						<String ID="P293_ST00109" HPOS="239" VPOS="1034" WIDTH="34" HEIGHT="32" CONTENT="of" WC="1.00" CC="00"/>
						<SP ID="P293_SP00093" HPOS="273" VPOS="1066" WIDTH="27"/>
						<String ID="P293_ST00110" HPOS="300" VPOS="1034" WIDTH="158" HEIGHT="42" CONTENT="Chantilly" WC="0.70" CC="470600060"/>
						<SP ID="P293_SP00094" HPOS="458" VPOS="1076" WIDTH="27"/>
						<String ID="P293_ST00111" HPOS="485" VPOS="1034" WIDTH="65" HEIGHT="32" CONTENT="lace" WC="0.82" CC="6000"/>
						<SP ID="P293_SP00095" HPOS="550" VPOS="1076" WIDTH="25"/>
						<String ID="P293_ST00112" HPOS="575" VPOS="1034" WIDTH="71" HEIGHT="32" CONTENT="held" WC="0.66" CC="7050"/>
						<SP ID="P293_SP00096" HPOS="646" VPOS="1076" WIDTH="26"/>
						<String ID="P293_ST00113" HPOS="672" VPOS="1035" WIDTH="41" HEIGHT="41" CONTENT="by" WC="0.85" CC="20"/>
						<SP ID="P293_SP00097" HPOS="713" VPOS="1076" WIDTH="30"/>
						<String ID="P293_ST00114" HPOS="743" VPOS="1046" WIDTH="18" HEIGHT="20" CONTENT="a" WC="1.00" CC="0"/>
						<SP ID="P293_SP00098" HPOS="761" VPOS="1076" WIDTH="23"/>
						<String ID="P293_ST00115" HPOS="784" VPOS="1034" WIDTH="82" HEIGHT="32" CONTENT="hand" WC="0.63" CC="7070"/>
						<SP ID="P293_SP00099" HPOS="866" VPOS="1076" WIDTH="23"/>
						<String ID="P293_ST00116" HPOS="889" VPOS="1033" WIDTH="33" HEIGHT="33" CONTENT="of" WC="1.00" CC="00"/>
					</TextLine>
					<TextLine ID="P293_TL00018" HPOS="94" VPOS="1095" WIDTH="823" HEIGHT="42">
						<String ID="P293_ST00117" HPOS="94" VPOS="1095" WIDTH="85" HEIGHT="32" CONTENT="each." WC="0.85" CC="00070"/>
						<SP ID="P293_SP00100" HPOS="179" VPOS="1127" WIDTH="48"/>
						<String ID="P293_ST00118" HPOS="227" VPOS="1095" WIDTH="66" HEIGHT="32" CONTENT="The" WC="0.63" CC="073"/>
						<SP ID="P293_SP00101" HPOS="293" VPOS="1127" WIDTH="17"/>
						<String ID="P293_ST00119" HPOS="310" VPOS="1095" WIDTH="154" HEIGHT="42" CONTENT="Dowager" WC="0.73" CC="7090000"/>
						<SP ID="P293_SP00102" HPOS="464" VPOS="1137" WIDTH="21"/>
						<String ID="P293_ST00120" HPOS="485" VPOS="1095" WIDTH="60" HEIGHT="32" CONTENT="had" WC="0.75" CC="700"/>
						<SP ID="P293_SP00103" HPOS="545" VPOS="1137" WIDTH="16"/>
						<String ID="P293_ST00121" HPOS="561" VPOS="1095" WIDTH="52" HEIGHT="32" CONTENT="the" WC="0.75" CC="070"/>
						<SP ID="P293_SP00104" HPOS="613" VPOS="1137" WIDTH="17"/>
						<String ID="P293_ST00122" HPOS="630" VPOS="1096" WIDTH="171" HEIGHT="41" CONTENT="advantage" WC="0.83" CC="006080000"/>
						<SP ID="P293_SP00105" HPOS="801" VPOS="1137" WIDTH="17"/>
						<String ID="P293_ST00123" HPOS="818" VPOS="1100" WIDTH="32" HEIGHT="27" CONTENT="at" WC="0.91" CC="01"/>
						<SP ID="P293_SP00106" HPOS="850" VPOS="1137" WIDTH="14"/>
						<String ID="P293_ST00124" HPOS="864" VPOS="1095" WIDTH="53" HEIGHT="32" CONTENT="the" WC="0.75" CC="070"/>
					</TextLine>
					<TextLine ID="P293_TL00019" HPOS="94" VPOS="1156" WIDTH="823" HEIGHT="43">
						<String ID="P293_ST00125" HPOS="94" VPOS="1162" WIDTH="109" HEIGHT="36" CONTENT="outset," WC="0.75" CC="0600064"/>
						<SP ID="P293_SP00107" HPOS="203" VPOS="1198" WIDTH="25"/>
						<String ID="P293_ST00126" HPOS="228" VPOS="1157" WIDTH="47" HEIGHT="31" CONTENT="for" WC="0.80" CC="014"/>
						<SP ID="P293_SP00108" HPOS="275" VPOS="1198" WIDTH="30"/>
						<String ID="P293_ST00127" HPOS="305" VPOS="1157" WIDTH="54" HEIGHT="31" CONTENT="she" WC="0.57" CC="570"/>
						<SP ID="P293_SP00109" HPOS="359" VPOS="1198" WIDTH="30"/>
						<String ID="P293_ST00128" HPOS="389" VPOS="1157" WIDTH="62" HEIGHT="31" CONTENT="had" WC="0.75" CC="700"/>
						<SP ID="P293_SP00110" HPOS="451" VPOS="1198" WIDTH="27"/>
						<String ID="P293_ST00129" HPOS="478" VPOS="1156" WIDTH="91" HEIGHT="32" CONTENT="made" WC="1.00" CC="0000"/>
						<SP ID="P293_SP00111" HPOS="569" VPOS="1198" WIDTH="26"/>
						<String ID="P293_ST00130" HPOS="595" VPOS="1169" WIDTH="41" HEIGHT="30" CONTENT="up" WC="0.68" CC="60"/>
						<SP ID="P293_SP00112" HPOS="636" VPOS="1199" WIDTH="27"/>
						<String ID="P293_ST00131" HPOS="663" VPOS="1157" WIDTH="55" HEIGHT="32" CONTENT="her" WC="0.74" CC="700"/>
						<SP ID="P293_SP00113" HPOS="718" VPOS="1199" WIDTH="24"/>
						<String ID="P293_ST00132" HPOS="742" VPOS="1157" WIDTH="85" HEIGHT="31" CONTENT="mind" WC="0.66" CC="0670"/>
						<SP ID="P293_SP00114" HPOS="827" VPOS="1199" WIDTH="29"/>
						<String ID="P293_ST00133" HPOS="856" VPOS="1157" WIDTH="61" HEIGHT="31" CONTENT="and" WC="0.68" CC="360"/>
					</TextLine>
					<TextLine ID="P293_TL00020" HPOS="91" VPOS="1217" WIDTH="825" HEIGHT="41">
						<String ID="P293_ST00134" HPOS="91" VPOS="1219" WIDTH="92" HEIGHT="32" CONTENT="knew" WC="0.76" CC="3500"/>
						<SP ID="P293_SP00115" HPOS="183" VPOS="1251" WIDTH="20"/>
						<String ID="P293_ST00135" HPOS="203" VPOS="1218" WIDTH="85" HEIGHT="32" CONTENT="what" WC="0.56" CC="9700"/>
						<SP ID="P293_SP00116" HPOS="288" VPOS="1251" WIDTH="22"/>
						<String ID="P293_ST00136" HPOS="310" VPOS="1218" WIDTH="54" HEIGHT="32" CONTENT="she" WC="0.61" CC="470"/>
						<SP ID="P293_SP00117" HPOS="364" VPOS="1251" WIDTH="16"/>
						<String ID="P293_ST00137" HPOS="380" VPOS="1230" WIDTH="63" HEIGHT="19" CONTENT="Avas" WC="0.65" CC="0751"/>
						<SP ID="P293_SP00118" HPOS="443" VPOS="1251" WIDTH="24"/>
						<String ID="P293_ST00138" HPOS="467" VPOS="1219" WIDTH="102" HEIGHT="39" CONTENT="about," WC="0.86" CC="070000"/>
						<SP ID="P293_SP00119" HPOS="569" VPOS="1258" WIDTH="17"/>
						<String ID="P293_ST00139" HPOS="586" VPOS="1218" WIDTH="137" HEIGHT="32" CONTENT="whereas" WC="0.79" CC="0705001"/>
						<SP ID="P293_SP00120" HPOS="723" VPOS="1258" WIDTH="20"/>
						<String ID="P293_ST00140" HPOS="743" VPOS="1230" WIDTH="54" HEIGHT="19" CONTENT="our" WC="0.63" CC="054"/>
						<SP ID="P293_SP00121" HPOS="797" VPOS="1258" WIDTH="23"/>
						<String ID="P293_ST00141" HPOS="820" VPOS="1217" WIDTH="96" HEIGHT="32" CONTENT="friend" WC="0.74" CC="332050"/>
					</TextLine>
					<TextLine ID="P293_TL00021" HPOS="91" VPOS="1278" WIDTH="825" HEIGHT="44">
						<String ID="P293_ST00142" HPOS="91" VPOS="1280" WIDTH="131" HEIGHT="42" CONTENT="Aspasie" WC="0.87" CC="0100420"/>
						<SP ID="P293_SP00122" HPOS="222" VPOS="1322" WIDTH="28"/>
						<String ID="P293_ST00143" HPOS="250" VPOS="1292" WIDTH="63" HEIGHT="19" CONTENT="was" WC="0.55" CC="903"/>
						<SP ID="P293_SP00123" HPOS="313" VPOS="1322" WIDTH="24"/>
						<String ID="P293_ST00144" HPOS="337" VPOS="1279" WIDTH="111" HEIGHT="42" CONTENT="totally" WC="0.80" CC="6100220"/>
						<SP ID="P293_SP00124" HPOS="448" VPOS="1322" WIDTH="21"/>
						<String ID="P293_ST00145" HPOS="469" VPOS="1279" WIDTH="200" HEIGHT="41" CONTENT="unprepared." WC="0.77" CC="77050004000"/>
						<SP ID="P293_SP00125" HPOS="669" VPOS="1322" WIDTH="48"/>
						<String ID="P293_ST00146" HPOS="717" VPOS="1278" WIDTH="50" HEIGHT="31" CONTENT="No" WC="0.82" CC="03"/>
						<SP ID="P293_SP00126" HPOS="767" VPOS="1322" WIDTH="24"/>
						<String ID="P293_ST00147" HPOS="791" VPOS="1278" WIDTH="125" HEIGHT="32" CONTENT="wonder" WC="0.73" CC="027006"/>
					</TextLine>
					<TextLine ID="P293_TL00022" HPOS="89" VPOS="1339" WIDTH="823" HEIGHT="40">
						<String ID="P293_ST00148" HPOS="89" VPOS="1342" WIDTH="154" HEIGHT="32" CONTENT="therefore" WC="0.84" CC="070400010"/>
						<SP ID="P293_SP00127" HPOS="243" VPOS="1374" WIDTH="23"/>
						<String ID="P293_ST00149" HPOS="266" VPOS="1341" WIDTH="67" HEIGHT="32" CONTENT="that" WC="0.71" CC="0704"/>
						<SP ID="P293_SP00128" HPOS="333" VPOS="1374" WIDTH="23"/>
						<String ID="P293_ST00150" HPOS="356" VPOS="1341" WIDTH="55" HEIGHT="31" CONTENT="she" WC="0.75" CC="070"/>
						<SP ID="P293_SP00129" HPOS="411" VPOS="1374" WIDTH="16"/>
						<String ID="P293_ST00151" HPOS="427" VPOS="1352" WIDTH="63" HEIGHT="20" CONTENT="was" WC="1.00" CC="000"/>
						<SP ID="P293_SP00130" HPOS="490" VPOS="1374" WIDTH="24"/>
						<String ID="P293_ST00152" HPOS="514" VPOS="1340" WIDTH="169" HEIGHT="31" CONTENT="somewhat" WC="0.81" CC="30000712"/>
						<SP ID="P293_SP00131" HPOS="683" VPOS="1374" WIDTH="15"/>
						<String ID="P293_ST00153" HPOS="698" VPOS="1339" WIDTH="92" HEIGHT="32" CONTENT="taken" WC="0.76" CC="00605"/>
						<SP ID="P293_SP00132" HPOS="790" VPOS="1374" WIDTH="17"/>
						<String ID="P293_ST00154" HPOS="807" VPOS="1339" WIDTH="105" HEIGHT="40" CONTENT="aback," WC="0.94" CC="200001"/>
					</TextLine>
					<TextLine ID="P293_TL00023" HPOS="89" VPOS="1400" WIDTH="824" HEIGHT="44">
						<String ID="P293_ST00155" HPOS="89" VPOS="1403" WIDTH="62" HEIGHT="31" CONTENT="and" WC="0.76" CC="070"/>
						<SP ID="P293_SP00133" HPOS="151" VPOS="1434" WIDTH="23"/>
						<String ID="P293_ST00156" HPOS="174" VPOS="1403" WIDTH="135" HEIGHT="41" CONTENT="actually" WC="0.84" CC="00040160"/>
						<SP ID="P293_SP00134" HPOS="309" VPOS="1444" WIDTH="15"/>
						<String ID="P293_ST00157" HPOS="324" VPOS="1403" WIDTH="44" HEIGHT="32" CONTENT="let" WC="0.96" CC="000"/>
						<SP ID="P293_SP00135" HPOS="368" VPOS="1444" WIDTH="22"/>
						<String ID="P293_ST00158" HPOS="390" VPOS="1402" WIDTH="52" HEIGHT="32" CONTENT="the" WC="0.70" CC="170"/>
						<SP ID="P293_SP00136" HPOS="442" VPOS="1444" WIDTH="23"/>
						<String ID="P293_ST00159" HPOS="465" VPOS="1402" WIDTH="64" HEIGHT="31" CONTENT="lace" WC="1.00" CC="0000"/>
						<SP ID="P293_SP00137" HPOS="529" VPOS="1444" WIDTH="17"/>
						<String ID="P293_ST00160" HPOS="546" VPOS="1401" WIDTH="74" HEIGHT="41" CONTENT="drop" WC="0.93" CC="0020"/>
						<SP ID="P293_SP00138" HPOS="620" VPOS="1444" WIDTH="16"/>
						<String ID="P293_ST00161" HPOS="636" VPOS="1405" WIDTH="54" HEIGHT="27" CONTENT="out" WC="0.70" CC="170"/>
						<SP ID="P293_SP00139" HPOS="690" VPOS="1444" WIDTH="23"/>
						<String ID="P293_ST00162" HPOS="713" VPOS="1400" WIDTH="34" HEIGHT="31" CONTENT="of" WC="1.00" CC="00"/>
						<SP ID="P293_SP00140" HPOS="747" VPOS="1444" WIDTH="14"/>
						<String ID="P293_ST00163" HPOS="761" VPOS="1400" WIDTH="54" HEIGHT="31" CONTENT="her" WC="0.67" CC="702"/>
						<SP ID="P293_SP00141" HPOS="815" VPOS="1444" WIDTH="15"/>
						<String ID="P293_ST00164" HPOS="830" VPOS="1400" WIDTH="83" HEIGHT="31" CONTENT="hand" WC="0.63" CC="7070"/>
					</TextLine>
					<TextLine ID="P293_TL00024" HPOS="89" VPOS="1461" WIDTH="823" HEIGHT="41">
						<String ID="P293_ST00165" HPOS="89" VPOS="1464" WIDTH="90" HEIGHT="32" CONTENT="when" WC="0.63" CC="0707"/>
						<SP ID="P293_SP00142" HPOS="179" VPOS="1496" WIDTH="28"/>
						<String ID="P293_ST00166" HPOS="207" VPOS="1464" WIDTH="54" HEIGHT="32" CONTENT="she" WC="0.56" CC="570"/>
						<SP ID="P293_SP00143" HPOS="261" VPOS="1496" WIDTH="29"/>
						<String ID="P293_ST00167" HPOS="290" VPOS="1475" WIDTH="64" HEIGHT="20" CONTENT="saw" WC="0.80" CC="600"/>
						<SP ID="P293_SP00144" HPOS="354" VPOS="1496" WIDTH="26"/>
						<String ID="P293_ST00168" HPOS="380" VPOS="1463" WIDTH="54" HEIGHT="32" CONTENT="the" WC="0.74" CC="070"/>
						<SP ID="P293_SP00145" HPOS="434" VPOS="1496" WIDTH="28"/>
						<String ID="P293_ST00169" HPOS="462" VPOS="1461" WIDTH="214" HEIGHT="41" CONTENT="needle-sharp" WC="0.74" CC="600060047320"/>
						<SP ID="P293_SP00146" HPOS="676" VPOS="1502" WIDTH="28"/>
						<String ID="P293_ST00170" HPOS="704" VPOS="1472" WIDTH="71" HEIGHT="30" CONTENT="eyes" WC="1.00" CC="0000"/>
						<SP ID="P293_SP00147" HPOS="775" VPOS="1502" WIDTH="26"/>
						<String ID="P293_ST00171" HPOS="801" VPOS="1461" WIDTH="33" HEIGHT="31" CONTENT="of" WC="0.95" CC="00"/>
						<SP ID="P293_SP00148" HPOS="834" VPOS="1502" WIDTH="24"/>
						<String ID="P293_ST00172" HPOS="858" VPOS="1461" WIDTH="54" HEIGHT="32" CONTENT="the" WC="0.50" CC="770"/>
					</TextLine>
					<TextLine ID="P293_TL00025" HPOS="88" VPOS="1521" WIDTH="821" HEIGHT="45">
						<String ID="P293_ST00173" HPOS="88" VPOS="1525" WIDTH="155" HEIGHT="41" CONTENT="Marquise" WC="0.89" CC="00003050"/>
						<SP ID="P293_SP00149" HPOS="243" VPOS="1566" WIDTH="32"/>
						<String ID="P293_ST00174" HPOS="275" VPOS="1524" WIDTH="81" HEIGHT="32" CONTENT="fixed" WC="0.96" CC="00000"/>
						<SP ID="P293_SP00150" HPOS="356" VPOS="1566" WIDTH="31"/>
						<String ID="P293_ST00175" HPOS="387" VPOS="1535" WIDTH="83" HEIGHT="30" CONTENT="upon" WC="0.91" CC="0002"/>
						<SP ID="P293_SP00151" HPOS="470" VPOS="1566" WIDTH="24"/>
						<String ID="P293_ST00176" HPOS="494" VPOS="1522" WIDTH="62" HEIGHT="41" CONTENT="her," WC="0.79" CC="7001"/>
						<SP ID="P293_SP00152" HPOS="556" VPOS="1566" WIDTH="27"/>
						<String ID="P293_ST00177" HPOS="583" VPOS="1521" WIDTH="60" HEIGHT="32" CONTENT="and" WC="0.78" CC="060"/>
						<SP ID="P293_SP00153" HPOS="643" VPOS="1566" WIDTH="28"/>
						<String ID="P293_ST00178" HPOS="671" VPOS="1533" WIDTH="33" HEIGHT="20" CONTENT="so" WC="0.83" CC="11"/>
						<SP ID="P293_SP00154" HPOS="704" VPOS="1566" WIDTH="28"/>
						<String ID="P293_ST00179" HPOS="732" VPOS="1522" WIDTH="80" HEIGHT="32" CONTENT="close" WC="0.97" CC="00100"/>
						<SP ID="P293_SP00155" HPOS="812" VPOS="1566" WIDTH="26"/>
						<String ID="P293_ST00180" HPOS="838" VPOS="1526" WIDTH="51" HEIGHT="28" CONTENT="too" WC="0.97" CC="000"/>
						<String ID="P293_ST00181" HPOS="902" VPOS="1524" WIDTH="7" HEIGHT="31" CONTENT="!" WC="0.68" CC="3"/>
					</TextLine>
				</TextBlock>
			</PrintSpace>
		</Page>
	</Layout>
</alto>
