1090 1740
410 425 204 32 CHAPTER
639 426 70 32 XX.

447 521 68 21 TWO
538 522 132 21 POWERS.

193 597 112 33 When
320 597 110 43 people
446 597 77 33 wish
546 598 47 32 for
611 598 151 42 anything
776 611 73 30 very
864 599 102 40 much,

149 658 73 43 they
238 659 170 43 invariably
423 660 92 42 begin
536 659 42 43 by
593 660 115 42 setting
723 660 92 32 limits
838 665 31 27 to
886 661 82 32 what

148 720 74 43 they
244 720 102 32 would
374 720 37 32 do
436 725 32 27 to
493 720 103 32 obtain
618 720 79 32 their
712 721 86 41 wish,
816 721 60 32 and
895 722 73 41 they

150 781 111 32 almost
277 782 115 41 always
408 782 59 31 end
482 781 50 42 by,
551 781 31 31 in
603 781 69 41 fact,
690 782 92 41 doing
798 783 170 41 something

148 841 75 43 they
253 842 151 42 regarded
441 853 34 20 as
508 841 162 43 positively
699 842 177 41 blameable,
908 855 60 29 nay

149 901 185 43 impossible.

193 963 89 41 Now,
300 963 60 42 day
372 963 42 42 by
424 963 68 42 day,
509 962 53 33 the
578 963 127 42 longing
717 963 34 32 of
760 963 53 32 the
819 963 149 42 Dowager

147 1029 33 27 to
206 1029 139 37 separate
371 1024 55 32 her
452 1024 125 32 brother
597 1024 77 31 from
697 1024 51 31 the
766 1024 117 42 Sphinx
905 1036 63 20 was

148 1086 140 41 growing
311 1090 148 37 stronger,
484 1086 59 30 and
570 1085 94 31 found
686 1085 58 32 less
770 1086 115 41 readily
910 1098 58 30 any

147 1159 108 20 means
283 1146 35 32 of
338 1146 198 32 satisfaction.
584 1147 63 30 But
669 1146 75 32 then
768 1146 82 31 what
871 1147 97 31 Henri

147 1210 128 41 Dupont
292 1208 36 32 de
353 1209 134 41 Laporte
504 1207 61 32 had
589 1207 66 32 said
670 1208 35 30 of
720 1207 130 42 Aspasie
865 1208 103 31 Mour-

145 1271 53 42 jon
222 1269 144 33 recurred
389 1274 32 27 to
447 1269 62 40 her,
538 1269 60 31 and
622 1268 53 32 she
699 1268 131 41 thought
845 1268 82 33 what
951 1281 17 20 a

147 1331 164 33 vexatious
327 1331 89 42 thing
432 1331 25 32 it
473 1342 64 20 was
552 1331 68 31 that
645 1330 53 32 she
714 1330 88 31 could
816 1335 53 26 not
885 1330 37 32 be
937 1330 31 32 in

147 1392 260 34 communication
422 1392 76 32 with
522 1392 62 31 this
607 1403 118 30 person,
747 1390 60 32 and
821 1390 82 32 what
929 1403 39 20 an

147 1455 152 33 excellent
315 1454 90 42 thing
421 1453 23 32 it
460 1453 101 31 would
576 1452 38 32 be
630 1452 27 31 if
679 1452 53 31 she
747 1464 80 19 were
850 1464 40 28 so,
908 1452 60 31 and

148 1517 54 32 she
233 1516 159 43 pondered
422 1526 73 21 over
525 1514 51 32 the
604 1513 99 32 whole
730 1514 149 40 situation,
908 1514 60 32 and
