1090 1740
396 82 62 21 THE
482 82 130 21 APPEAL.

877 77 33 27 31

93 167 77 31 way.
229 156 49 33 Go
304 156 101 41 home,
436 157 39 32 be
506 158 126 42 patient,
666 158 73 32 offer
768 170 40 30 up
839 170 73 30 your

93 218 161 43 sufferings
268 223 31 27 to
316 230 55 20 our
386 219 91 41 Lord,
495 232 40 29 go
556 225 30 27 to
609 220 54 32 the
686 221 119 40 Sisters,
823 233 39 29 go
883 226 29 26 to

93 279 43 32 M.
154 279 28 32 le
199 279 81 33 Cure
291 292 7 28 ;
322 280 16 31 I
359 279 62 32 will
446 291 49 20 see
518 280 86 32 them
624 281 41 31 all
681 285 178 28 to-morrow
874 293 38 20 on

94 353 77 30 your
188 340 107 40 behalf,
314 340 60 32 and
395 341 39 32 be
456 342 167 32 convinced
645 342 67 32 that
732 343 24 32 it
774 343 26 32 is
820 355 92 20 never

94 405 53 28 too
169 401 61 32 late
249 406 33 27 to
304 401 102 32 mend.
453 402 119 31 Return
598 407 32 27 to
655 404 71 31 God
749 404 74 32 with
845 409 67 27 true

94 463 131 40 fervour,
250 462 61 32 and
332 474 61 30 you
415 474 72 30 may
503 468 52 37 yet
576 468 47 27 set
641 476 18 20 a
679 465 81 40 good
777 465 135 42 example

94 528 33 28 to
144 524 88 32 those
249 524 116 31 around

137 585 170 32 Madeleine
323 590 82 37 wept
421 586 60 31 and
497 585 85 32 knelt
604 586 60 31 and
685 586 156 42 implored,
859 587 54 31 but

97 647 41 31 all
167 646 32 32 in
223 647 80 40 vain,
332 646 60 32 and
422 646 90 32 when
543 647 54 31 she
628 647 54 32 left
711 648 143 31 Madame
878 648 35 32 de

97 708 179 32 Clavreuil's
298 719 155 30 presence,
472 708 53 31 she
541 708 51 31 did
609 720 32 20 so
657 709 129 31 without
807 709 106 41 hating

94 769 63 40 her,
182 769 46 32 for
255 768 54 32 she
331 768 90 32 knew
443 769 143 31 Madame
614 769 37 31 de
674 769 155 32 Clavreuil
851 780 62 21 was

96 830 125 31 sincere.

139 891 32 31 If
189 902 40 20 no
250 891 89 31 harm
354 902 81 20 were
452 891 77 31 done
545 891 31 30 in
592 891 54 31 the
662 890 95 32 world
780 902 73 21 save
873 891 40 42 by

96 952 53 32 the
177 952 198 31 evil-minded
403 951 126 40 seeking
551 956 31 26 to
607 951 37 31 do
668 951 68 39 evil,
762 963 48 20 we
839 963 74 30 poor

96 1013 128 31 mortals
245 1013 109 31 should
374 1012 79 32 have
475 1012 60 31 less
558 1016 31 27 to
613 1012 150 41 complain
787 1012 34 32 of
839 1013 74 31 than

96 1085 47 21 we
158 1073 91 42 fancy
257 1087 7 27 ;
281 1073 56 33 but
353 1084 54 21 our
423 1073 129 31 chiefest
568 1073 136 31 miseries
721 1073 105 41 spring
838 1073 75 31 from

94 1135 55 32 the
164 1135 147 32 mistakes
328 1134 34 33 of
377 1134 53 32 the
447 1134 277 32 common-minded
740 1134 128 41 seeking
883 1140 30 25 to

97 1197 38 31 do
152 1196 88 42 good.
273 1195 143 33 Madame
433 1195 36 32 de
482 1195 154 32 Clavreuil
652 1195 61 31 had
728 1195 51 31 the
794 1195 119 31 kindest

95 1259 89 31 heart
207 1258 32 31 in
263 1257 52 32 the
340 1257 103 40 world,
473 1257 101 31 which
601 1256 53 32 she
681 1267 63 20 was
773 1256 46 31 for
843 1267 70 21 ever

96 1319 130 41 striving
247 1323 32 27 to
302 1323 56 38 put
381 1318 89 32 down
482 1331 6 27 ;
514 1318 53 32 she
594 1317 61 32 had
679 1328 19 20 a
720 1316 193 33 second-rate

95 1379 143 40 intellect,
271 1379 60 31 and
360 1379 61 31 had
447 1378 118 42 blindly
590 1377 145 41 accepted
759 1377 154 32 whatever

95 1441 62 32 had
175 1441 78 31 been
269 1440 112 41 taught
403 1440 63 40 her,
486 1439 135 41 clinging
636 1443 32 27 to
684 1438 154 32 whatever
861 1438 52 32 she

98 1502 127 33 deemed
240 1502 55 31 her
311 1501 76 40 duty
402 1501 74 31 with
492 1499 242 33 determination.
775 1500 30 32 It
819 1499 94 33 broke
