1090 1740
872 91 54 26 207

453 98 114 19 CLAIRE,

144 170 63 33 But
223 171 100 33 Claire
339 178 82 37 wept
442 178 54 27 not
516 186 19 19 a
555 174 148 31 mother's
719 178 89 27 tears.
844 173 80 31 That

100 231 82 41 grief
194 232 54 32 she
264 233 52 32 felt
330 238 62 37 not,
410 246 55 19 nor
481 234 92 32 could
589 234 165 32 assimilate
770 234 23 31 it
808 238 32 27 to
855 233 69 31 her-

101 293 65 33 self.
226 295 61 32 She
313 301 82 37 wept
421 296 32 31 in
480 308 114 19 sorrow
622 308 73 19 over
719 296 120 40 herself,
866 295 59 32 and

101 355 148 32 tendered
272 356 55 32 her
352 356 153 41 suffering,
532 356 54 32 her
611 368 75 30 very
713 368 78 29 own,
817 361 32 26 at
872 355 52 32 the

101 415 62 32 feet
179 417 35 31 of
232 417 76 31 Him
324 417 69 31 who
416 422 32 26 to
471 417 124 32 redeem
619 429 70 20 man
712 418 62 31 had
797 417 129 32 suffered

101 483 76 26 unto
194 478 100 32 death.
341 478 100 32 Claire
457 490 63 20 was
537 484 54 26 not
611 479 170 41 impatient,
799 479 56 32 but
873 479 52 31 she

102 550 63 20 was
191 540 173 31 sometimes
388 551 111 30 weary,
526 540 69 39 and,
623 540 59 31 like
708 551 93 29 many
824 539 34 31 of
877 550 47 29 us,

102 599 137 32 whether
263 600 31 31 in
319 612 115 20 sorrow
459 612 33 20 or
512 601 63 41 joy,
602 600 54 32 she
681 600 90 31 could
796 604 53 27 not
874 611 50 19 see

101 661 52 32 the
169 661 101 31 future
288 661 88 32 other
390 662 76 31 than
482 673 33 21 as
531 662 53 31 the
600 667 132 36 present.
780 662 46 30 To
842 661 81 39 wait,

101 728 33 26 to
157 728 109 36 expect
278 723 5 32 !
310 722 53 33 she
386 722 60 33 had
470 728 54 27 not
546 723 100 32 learnt
668 723 68 32 that
758 728 60 36 yet.
864 722 64 32 For

102 783 85 31 what
202 795 64 19 was
283 783 54 31 she
353 789 31 25 to
399 784 72 30 wait
481 785 14 29 ?
539 784 81 30 Who
637 783 110 31 should
761 783 52 31 tell
828 783 55 31 her
891 784 14 30 ?

148 846 68 32 Ask
230 851 53 26 not
298 846 52 31 the
367 851 89 37 spent
468 858 86 19 wave
570 846 46 31 for
627 846 83 31 what
725 846 25 31 it
764 845 73 32 bore
852 849 55 28 not
918 845 6 32 !

107 908 99 33 Other
221 919 104 20 waves
341 907 62 31 will
420 919 89 30 surge
530 919 41 30 up
593 918 39 20 on
653 907 77 31 life's
747 917 102 29 ocean,
867 905 60 32 and

103 970 52 41 lay
178 969 81 31 their
284 973 153 27 treasures
464 973 31 26 at
521 979 77 30 your
623 968 69 31 feet.
739 967 62 31 But
826 966 100 32 Claire

106 1030 90 33 stood
211 1042 83 30 upon
311 1041 18 20 a
344 1029 103 41 lonely
463 1029 96 40 shore,
582 1040 33 20 as
636 1028 23 31 it
681 1027 121 32 seemed
815 1032 31 27 to
862 1027 63 40 her,

106 1092 60 32 and
181 1092 54 31 the
253 1095 88 38 spent
356 1101 87 20 wave
460 1089 60 32 had
536 1089 115 31 broken
668 1093 31 27 at
714 1089 54 31 her
783 1088 69 40 feet,
868 1087 59 33 and

105 1152 131 34 receded
252 1152 100 40 again,
370 1151 62 32 and
446 1150 135 42 brought
596 1150 55 31 her
651 1170 42 2 —
694 1149 139 42 nothing.

150 1214 30 31 A
196 1214 86 32 chair
297 1225 64 19 was
377 1211 112 32 moved
504 1215 54 27 not
573 1210 47 31 far
634 1210 77 31 from
726 1209 56 32 her
794 1223 7 27 ;
824 1208 39 33 its
880 1220 51 21 oc-

106 1280 115 39 cupant
235 1274 63 33 had
321 1274 43 32 let
387 1273 55 32 her
465 1271 207 43 prayer-book
694 1271 85 42 drop,
802 1270 127 42 stooped

104 1344 32 26 to
152 1337 72 43 pick
239 1336 25 32 it
279 1347 50 31 up,
349 1335 33 31 in
404 1346 33 20 so
460 1334 93 40 doing
574 1332 156 32 disturbed
751 1332 55 31 her
823 1331 106 42 neigh-

105 1399 103 39 bours,
232 1396 61 33 and
315 1396 90 31 when
429 1395 53 31 she
505 1394 86 31 knelt
614 1393 99 42 again,
737 1393 116 41 resting
875 1392 56 32 her

105 1459 82 33 head
210 1469 82 32 upon
315 1457 56 32 her
388 1455 105 43 joined
516 1455 107 40 hands,
647 1454 52 33 the
723 1466 103 30 young
847 1455 82 31 Mar-

107 1521 88 41 quise
219 1531 64 20 saw
305 1518 56 33 her
383 1517 66 33 face
470 1517 60 32 and
545 1517 90 31 knew
651 1516 63 32 her.
763 1515 80 33 That
865 1516 66 32 face
