1090 1740
184 104 53 27 302

416 110 83 22 LOVE
522 110 64 22 THE
609 108 163 23 AVENGER.

257 188 52 32 Ah
320 188 6 32 !
401 187 66 32 The
488 187 85 32 Avord
590 186 137 43 dropped
743 186 79 31 from
846 185 54 32 the
922 183 91 33 moist

182 250 77 42 ruby
272 249 59 44 lips
348 249 34 33 of
393 249 51 33 the
462 249 128 43 Sphinx,
608 248 153 43 lingering
776 259 34 21 as
826 248 24 32 it
862 248 148 42 dropped,

181 312 73 31 with
272 312 121 32 curious
409 311 206 42 significance.

254 374 71 32 You
341 374 39 31 do
395 378 54 28 not
464 373 60 32 like
541 386 53 29 my
609 373 99 32 friend
874 373 134 42 pursued

180 435 123 39 Olivier,
320 447 34 21 as
370 436 118 41 though
509 436 119 41 forcing
643 435 127 32 himself
788 440 32 27 to
837 435 112 43 speech
966 435 42 42 by

176 508 19 20 a
212 501 108 38 strong
335 497 87 32 effort
434 510 6 28 ;
503 502 54 36 yet
572 497 38 32 he
631 497 26 32 is
673 508 39 21 an
729 497 120 32 intense
874 497 133 33 admirer

176 558 34 31 of

490 619 62 32 and
582 619 52 32 the
660 619 141 43 question
824 631 65 20 was
920 631 80 20 com-

173 680 123 32 mented
313 692 38 20 on
367 680 42 42 by
425 692 17 20 a
458 680 75 32 slow
547 680 56 32 but
618 681 145 41 negative
781 681 97 32 shake
894 681 35 32 of
947 681 53 32 the

172 740 87 33 head.

248 801 44 33 Of
433 802 146 43 repeated
592 802 124 33 Olivier.
787 803 85 42 Why
886 804 111 31 should

169 863 40 32 he
233 875 109 30 escape
366 863 53 33 the
447 876 142 20 common
619 863 43 32 lot
674 866 14 29 ?
746 864 60 32 and
831 865 47 32 his
910 866 86 32 voice

170 926 76 31 sank
261 926 94 32 lower
370 925 74 33 with
468 926 74 32 each
558 926 85 32 word
666 926 38 32 he
721 927 130 40 uttered,
877 928 59 32 and
958 928 37 32 he

167 987 50 31 fed
240 987 71 32 with
336 987 47 32 his
407 999 72 30 eyes
494 999 82 31 upon
599 988 53 32 the
686 988 80 32 flush
790 988 100 33 Avhich
918 988 76 33 each

167 1048 84 32 Avord
267 1049 97 31 called
380 1060 41 31 up
440 1060 39 21 on
495 1049 52 32 the
565 1050 240 43 magnolia-pale
822 1050 117 33 surface
964 1052 33 31 of

167 1109 175 33 Claudine's
373 1110 68 42 pale
471 1110 85 32 brow
587 1111 60 32 and
674 1111 105 33 cheek.
858 1112 49 32 Do
932 1124 61 30 you

301 1171 39 32 he
356 1171 108 41 added,
482 1172 123 41 coming
620 1172 100 32 closer
735 1178 32 26 to
784 1173 63 42 her,
873 1186 34 20 so
923 1175 69 32 that

163 1231 52 31 the
241 1231 152 42 perfumes
427 1232 35 32 of
486 1232 55 32 her
564 1232 68 32 hair
656 1234 61 30 and
743 1234 35 31 of
799 1234 56 32 her
881 1235 108 33 breath

163 1298 98 37 wrapt
277 1293 63 32 him
364 1294 106 32 round.
549 1295 49 32 Do
614 1307 63 30 you
697 1296 92 32 know
805 1297 69 33 that
889 1298 99 32 Henri

161 1353 56 33 has
234 1366 18 20 a
267 1354 110 43 legend
387 1356 94 32 about
497 1368 60 30 you
569 1358 16 31 ?
640 1358 50 31 He
704 1369 71 31 says
791 1358 40 33 he
849 1371 63 20 saw
927 1372 61 30 you

160 1427 83 30 once,
262 1416 73 42 long
350 1429 67 30 ago,
436 1418 90 31 down
541 1419 32 31 in
582 1419 51 32 the
650 1425 138 38 country,
806 1433 75 21 near
895 1428 33 27 to
941 1435 44 22 us.

160 1477 29 30 A
221 1481 124 37 strange
381 1478 77 40 idea,
499 1479 73 32 isn't
607 1480 50 33 it?
657 1501 42 2 —
702 1482 83 41 quite
818 1495 19 20 a
870 1484 114 34 dream.

159 1537 61 32 But
235 1538 38 32 he
289 1539 126 40 persists
431 1540 31 31 in
