1090 1740
163 111 51 26 192

392 118 82 20 LOVE
498 117 64 21 THE
585 114 163 23 AVENGER.

161 195 69 31 You
253 194 72 42 gain
340 194 129 41 nothing
491 194 43 42 by
549 192 172 41 darkening
737 203 33 20 or
795 190 140 42 shutting
959 189 30 31 in

160 256 52 32 the
227 256 115 31 human
358 255 83 32 mind
453 268 6 27 ;
486 255 60 32 and
572 255 52 32 the
648 252 169 43 electricity
833 251 25 33 is
880 262 109 32 every-

160 317 110 40 Avhere,
293 317 101 31 which
410 328 72 30 may
494 316 69 32 dart
578 316 92 41 along
685 315 53 32 the
762 313 114 32 hidden
889 312 99 40 wires,

159 378 61 33 and
235 383 71 28 note
323 378 88 32 doAvn
436 378 32 32 in
493 378 53 32 the
572 378 92 32 soul's
689 375 183 43 telegraphy
889 387 18 19 a
927 374 62 32 tale

161 439 98 33 which
276 439 60 33 will
353 440 132 42 frighten
501 440 51 31 the
577 439 87 32 timid
681 439 142 41 cackling
839 436 104 33 crowd
960 435 34 33 of

160 502 176 31 lookers-on
353 501 77 31 from
447 501 81 31 their
543 500 165 41 propriety.

203 563 100 31 There
330 563 55 31 lies
410 562 175 42 something
613 562 30 31 in
671 574 94 30 every
793 566 140 27 creature
960 560 34 32 of

160 636 55 19 our
229 636 78 20 race.
354 624 66 31 The
443 624 141 31 business
601 623 34 32 of
652 623 52 32 the
730 623 162 32 educators
916 623 25 31 is
957 627 32 27 to

160 686 91 32 make
274 686 68 31 that
365 686 176 41 something
563 686 109 41 aspire,
694 686 69 40 and,
785 686 31 30 in
840 685 54 32 the
920 685 68 40 end,

160 748 97 31 attain
272 752 31 27 to
320 747 52 32 the
397 748 80 30 clear
500 747 255 42 comprehension
778 747 34 31 of
830 747 53 32 the
908 747 82 31 inse-

161 808 124 41 parable
302 819 129 20 oneness
448 807 34 32 of
496 807 53 32 the
565 808 91 39 True,
674 807 55 32 the
745 807 166 41 Beautiful,
930 808 60 31 and

161 869 52 31 the
231 869 97 31 Good.
375 869 115 31 Where
506 869 67 31 that
588 869 25 31 is
629 873 55 27 not
701 868 77 32 done
782 887 42 4 —
825 868 122 32 beware
961 869 6 31 !

205 930 100 32 There
321 941 64 20 Avas
410 930 175 41 something
611 941 78 21 even
717 930 31 31 in
767 930 126 40 Olivier,
911 941 80 21 even

161 991 32 31 in
210 991 155 38 Claudine,
383 991 69 40 and,
470 991 146 42 wrapped
632 1003 34 20 as
682 991 24 32 it
721 991 100 41 might
837 991 38 33 be
892 992 30 31 in
938 991 53 33 the

163 1052 199 33 cere-clothes
399 1052 34 32 of
459 1052 164 42 ignorance
655 1052 61 32 and
747 1053 244 42 false-teaching,

160 1113 68 32 that
259 1113 172 41 something
464 1113 83 32 lived
578 1125 38 20 on
651 1113 61 32 and
740 1125 63 20 was
839 1115 95 41 ready
957 1118 33 29 to

163 1179 100 27 assert
275 1174 39 32 its
339 1185 104 32 power
467 1174 34 32 of
519 1174 106 42 living,
639 1175 66 42 just
730 1187 33 19 as
789 1176 53 32 the
858 1177 89 40 grain
964 1177 34 31 of

163 1235 109 40 Avheat,
304 1235 86 42 lying
422 1235 45 31 for
499 1235 58 32 five
591 1235 154 32 thousand
773 1249 89 29 years
886 1242 32 28 at
940 1238 54 32 the

164 1297 117 31 bottom
300 1296 35 32 of
353 1308 18 20 a
397 1298 166 41 mummy's
587 1298 96 41 tomb,
701 1303 116 27 asserts
846 1299 39 32 its
913 1300 81 32 force

165 1357 34 31 of
216 1357 100 42 being,
333 1357 52 31 the
401 1357 114 32 instant
538 1370 60 29 you
614 1363 57 37 put
694 1359 24 31 it
734 1359 64 32 into
823 1372 19 19 a
867 1360 126 33 handful

165 1419 33 30 of
210 1430 140 20 common
366 1419 94 31 earth.

209 1480 73 30 Man
297 1479 56 32 has
375 1492 40 19 no
431 1492 85 20 more
543 1493 105 30 power
666 1487 32 27 to
715 1482 125 43 destroy
857 1483 76 33 than
956 1483 39 35 he

165 1539 56 32 has
236 1545 31 26 to
283 1545 109 28 create.
440 1541 51 32 He
508 1554 57 19 can
589 1548 133 35 pervert,
740 1543 132 43 nothing
900 1557 84 21 more
