1090 1740
380 99 61 21 OUT
463 100 35 21 IN
521 100 63 21 THE
607 100 66 21 SUN.

900 96 33 25 89

162 173 84 33 Mile,
272 174 36 32 de
332 175 154 32 Clavreuil
510 186 114 31 sprang
650 181 32 27 to
706 175 55 33 her
784 175 69 42 feet,
878 176 58 32 and

120 233 76 32 with
212 246 19 20 a
246 235 144 31 resentful
406 236 42 30 air
463 236 60 30 and
539 241 71 25 tone
612 255 42 3 —

327 297 52 32 she
396 297 89 40 cried,
534 308 61 31 you
611 297 78 32 have
704 302 53 27 not
772 297 74 43 kept
861 297 74 32 faith

120 357 74 32 with
209 369 58 29 me,
284 369 61 31 you
360 369 50 21 are
431 358 32 32 in
482 358 108 42 league
606 358 74 32 with
695 371 52 30 my
763 359 98 31 father
877 358 58 32 and

120 418 127 41 mother,
274 419 59 32 and
357 419 135 43 plotting
518 432 52 30 my
596 420 113 42 misery
734 420 73 31 with
833 420 83 31 them
928 433 6 27 ;

119 479 55 32 but
195 491 52 31 my
270 480 85 32 mind
381 480 26 32 is
430 481 89 31 made
541 493 41 30 up
595 494 6 18 :
634 482 15 30 I
673 481 60 31 will
757 486 54 26 not
834 492 101 30 marry

116 541 43 32 M.
198 541 38 32 de
274 541 194 42 Beauvoisin,
507 542 156 31 whatever
705 542 122 31 scandal
864 553 71 31 may

192 662 48 32 Oh
253 663 5 31 !
284 662 100 33 Claire
397 664 7 31 !
450 664 56 41 My
522 664 127 41 darling,
667 664 88 31 listen
768 665 6 31 !
819 663 117 42 replied

117 724 142 31 Madame
295 724 188 41 Beaudouin,
515 725 75 32 with
619 725 153 31 mournful
802 729 133 28 earnest-

117 797 80 29 ness,
260 797 78 30 your
372 786 103 31 cousin
507 787 106 31 Victor
645 791 110 27 cannot
791 798 102 29 marry
893 805 43 3 —

118 851 113 27 cannot
260 847 68 31 love
359 859 68 30 you.
474 847 50 32 He
555 848 25 31 is
611 847 127 32 fettered
760 847 40 41 by
827 859 56 20 one
907 847 31 32 of

117 907 88 31 those
222 908 105 30 chains
329 927 43 3 —

193 969 92 32 Some
301 969 151 32 infamous
474 974 145 35 creature,
634 969 100 32 whom
745 969 39 32 he
800 970 133 41 despises

117 1028 125 42 already
254 1030 6 32 !
310 1030 88 31 burst
419 1030 79 31 forth
515 1030 108 40 Claire,
640 1030 118 41 tossing
780 1030 54 32 her
856 1030 77 32 head

115 1089 139 42 proudly.
336 1090 66 32 One
419 1090 35 32 of
469 1091 88 31 those
573 1090 148 32 incidents
744 1091 30 30 in
797 1103 19 19 a
837 1092 96 30 man's

115 1151 50 31 life
181 1150 100 32 which
297 1151 48 31 his
366 1151 70 32 wife
456 1156 112 27 cannot
590 1164 77 20 even
691 1152 190 31 condescend
903 1156 30 27 to

115 1212 73 31 hear

288 1273 64 32 alas
366 1274 6 32 !
424 1274 141 32 resumed
581 1273 142 32 Madame
739 1273 176 32 Beaudouin
927 1285 6 28 ;

147 1346 18 20 a
189 1334 72 41 lady
291 1334 60 31 like
375 1335 143 41 yourself,
548 1335 100 32 Claire
650 1353 42 4 —
695 1346 17 19 a
742 1345 103 30 young
876 1334 57 31 and

115 1394 149 33 beautiful
295 1406 120 20 woman
422 1413 42 5 —
469 1395 181 42 misguided,
675 1395 96 40 Aveak,
803 1395 68 39 and,
904 1401 29 27 at

115 1456 67 37 last,
207 1455 99 42 guilty
320 1456 6 31 !
374 1456 61 32 She
466 1456 53 31 left
546 1456 55 32 her
623 1456 148 40 husband,
796 1456 60 31 and
879 1456 54 32 has

115 1517 88 40 been,
229 1516 46 32 for
297 1516 87 32 three
407 1528 98 29 years,
531 1516 31 31 in
585 1516 39 32 all
650 1516 56 32 but
735 1528 98 28 name,
858 1528 75 29 your
