1090 1740
163 100 52 26 162

399 106 82 20 LOVE
504 105 64 21 THE
591 102 162 23 AVENGER.

162 197 19 21 a
204 185 116 44 perfect
341 185 101 32 model
469 185 33 32 of
524 184 81 42 good
628 182 150 41 breeding
800 179 61 33 and
885 190 108 30 grace-

162 247 43 32 ful
221 259 143 20 manners
379 260 5 19 :
403 258 17 20 a
436 257 111 32 person
563 251 32 27 to
611 245 39 32 be
666 242 109 44 copied
786 242 42 42 by
845 240 40 33 all
902 240 91 32 those

161 308 69 33 who
246 309 97 40 aspire
359 312 33 27 to
408 308 51 31 the
475 319 133 30 regency
625 306 35 33 of
671 305 269 40 drawing-rooms.

205 371 45 30 As
266 381 65 20 was
348 369 72 41 said,
440 368 149 32 Claudine
606 367 62 33 had
684 378 19 20 a
719 364 194 43 companion,
932 363 58 32 and

161 431 22 31 it
198 442 63 19 Avas
277 430 52 32 the
340 429 164 42 Marquis's
513 429 67 32 first
591 428 157 41 difficulty.
789 426 52 32 He
856 424 134 42 thought

158 492 24 32 it
209 492 102 41 fitting
337 491 66 32 that
425 492 53 31 the
506 503 112 30 person
644 490 69 31 who
740 488 145 44 presided
916 499 74 20 over

159 553 47 33 his
221 553 170 32 household
408 553 108 32 should
532 553 38 31 be
587 550 221 43 accompanied
831 549 159 32 wherever

160 615 53 32 she
237 620 90 34 went,
353 615 61 31 and
436 615 39 31 he
507 613 199 42 accordingly
730 611 113 32 looked
867 615 54 28 out
943 610 46 32 for

159 676 53 33 the
234 688 110 31 proper
375 676 117 41 species
519 675 33 32 of
570 680 122 26 matron
716 679 32 26 to
779 673 108 31 attend
905 684 83 31 upon

159 737 63 33 her.
269 737 50 32 He
342 737 116 32 wished
481 737 55 31 her
559 741 32 27 to
617 736 36 31 be
677 735 164 41 matronly,
866 746 33 20 as
922 734 67 31 that

159 810 64 21 Avas
246 810 84 20 more
353 798 200 42 respectable,
571 798 56 31 but
653 798 31 31 in
709 797 63 32 this
794 809 192 30 emergency,

159 859 229 43 respectability
411 859 133 42 signally
560 858 90 33 failed
673 859 31 31 in
721 859 53 32 the
795 858 77 43 high
889 858 99 33 duties

160 922 33 31 of
211 922 39 31 its
278 922 119 41 calling.
446 921 45 31 As
523 933 75 19 soon
625 933 34 19 as
690 921 23 32 it
736 933 64 20 was
823 920 165 32 rumoured

160 984 81 31 what
257 984 41 30 M.
316 984 37 30 de
375 983 166 41 Moranges
570 983 114 41 sought
706 983 55 41 for,
783 983 52 32 the
859 983 129 31 number

160 1045 33 31 of
220 1044 188 41 respectable
435 1045 96 30 ladies
563 1044 72 32 Avith
662 1045 183 41 interesting
871 1044 115 41 stories,

160 1106 61 32 and
244 1106 253 41 unimpeachable
524 1106 181 40 references,
731 1107 68 31 that
818 1106 170 32 succeeded

160 1167 77 32 each
268 1167 86 31 other
379 1179 63 19 was
474 1179 172 29 enormous,
675 1168 61 32 and
768 1168 53 32 the
850 1168 138 42 Marquis

161 1241 63 20 was
252 1228 133 33 shocked
405 1234 31 27 at
456 1228 52 33 the
534 1234 125 27 amount
686 1230 34 31 of
737 1230 119 42 dignity
875 1231 31 31 in
928 1231 61 31 dis-

160 1295 77 27 tress
254 1290 103 32 whose
381 1291 258 41 representatives
667 1292 132 31 assailed
817 1292 72 32 him.
938 1293 50 31 He

160 1351 91 32 chose
266 1363 85 20 more
368 1351 74 32 than
459 1363 85 29 once,
563 1350 56 33 but
635 1352 77 32 each
728 1353 74 32 time
818 1353 168 42 unluckily,

159 1412 60 31 and
259 1412 227 42 respectability
516 1412 30 32 in
585 1413 88 32 these
712 1415 118 31 several
871 1415 117 42 elderly

160 1471 123 33 females
308 1473 62 31 laid
396 1474 86 31 itself
502 1486 78 29 open
600 1480 31 26 to
656 1476 53 31 the
737 1481 82 27 most
842 1477 145 41 grievous

159 1532 127 42 charges
317 1533 34 32 of
377 1534 184 41 corruption,
594 1536 61 31 and
682 1548 39 19 on
753 1549 57 19 one
843 1538 142 33 occasion
