1090 1740
182 115 52 27 282

412 122 82 20 LOVE
518 121 65 21 THE
606 118 159 24 AVENGER.

182 200 65 31 The
275 200 157 41 Marquise
463 210 64 20 was
552 196 183 43 gracious—
739 192 203 46 patronising,
970 202 40 20 no

182 261 94 33 doubt
278 281 42 3 —
321 261 56 32 but
403 260 141 43 gracious
574 256 259 43 unmistakeably,
864 254 62 33 and
956 253 54 32 she

181 322 109 32 smiled
314 327 32 27 at
369 321 132 44 Aspasie
517 320 75 33 with
616 332 18 20 a
657 319 87 33 smile
767 318 69 32 that
860 316 50 33 did
935 316 75 42 duty

180 384 45 32 for
241 396 18 20 a
275 384 76 32 boAv.

347 447 80 32 have
450 447 82 42 good
554 451 89 37 taste,
945 442 65 33 said

181 509 74 41 she;
401 509 65 33 lace
490 509 27 32 is
541 509 97 42 really
902 504 108 33 Made-

181 571 136 32 moiselle
341 571 141 43 Mourjon
498 582 63 21 was
584 582 19 21 a
617 581 123 21 woman
761 569 60 32 and
838 580 19 20 a
872 566 138 34 French-

182 644 129 29 woman,
330 633 60 30 and
413 632 54 32 she
484 632 103 32 would
610 631 79 32 have
712 631 79 32 been
810 630 121 32 neither
946 628 63 32 had

181 693 54 33 she
261 699 55 27 not
340 695 78 31 been
445 694 141 32 flattered
606 694 42 41 by
668 693 62 31 this
755 692 112 42 eulogy
888 691 79 32 from
991 702 19 20 a

181 755 63 32 real
270 755 71 42 lady
352 757 6 31 !
395 768 18 19 a
451 756 72 41 lady
553 754 169 42 belonging
756 759 32 26 to
819 754 52 31 the
903 757 107 39 purest

182 816 167 41 Faubourg
367 816 43 32 St.
424 816 146 32 Germain
583 817 6 31 !
629 815 132 42 Aspasie
777 826 65 20 Avas
857 813 153 40 flattered,

181 877 61 32 and
271 877 217 42 involuntarily
518 877 110 42 giving
657 877 53 32 the
739 877 156 40 DoAvager
924 886 86 20 more

181 938 75 32 than
283 938 54 32 her
365 939 68 40 clue,
466 951 33 19 as
523 939 110 42 people
660 938 113 42 mostly
802 937 40 32 do
864 941 33 28 to
921 936 89 32 those

181 1000 69 32 AAdio
277 1000 83 32 exalt
391 1000 94 41 them,
518 1000 54 32 she
612 1000 133 42 actually
777 999 139 40 blushed,
949 998 61 32 and

181 1061 90 32 could
297 1061 72 42 only
396 1073 127 31 express
545 1061 55 33 her
626 1061 124 44 opinion
772 1061 70 33 that
865 1061 145 32 Madame

181 1122 29 32 la
225 1123 155 42 Marquise
396 1135 65 20 Avas
477 1128 52 27 too
544 1124 90 41 good.

225 1184 67 32 The
319 1185 154 42 DoAvager
498 1187 110 31 looked
638 1186 56 32 her
717 1186 55 31 full
799 1186 31 31 in
856 1185 54 32 the
934 1185 77 40 face,

181 1246 73 31 took
280 1246 63 41 her,
366 1247 156 42 mentally,
543 1248 39 39 in,
607 1248 99 31 AAdiole
734 1248 60 31 and
821 1247 105 40 entire,
950 1246 61 33 and

181 1307 134 42 thought
341 1309 53 31 she
410 1309 91 32 knew
526 1310 39 31 all
582 1310 93 31 about
699 1309 64 41 her,
782 1309 100 32 which
905 1320 65 20 was
994 1320 17 21 a

182 1368 139 41 mistake,
348 1370 60 31 and
440 1370 196 33 attributable
668 1370 97 43 solely
789 1375 32 27 to
853 1370 158 42 Aspasie's

183 1437 192 35 momentary
403 1431 266 42 embarrassment,
701 1431 52 33 the
785 1431 64 33 said
881 1431 130 44 Aspasie

183 1490 93 42 being
306 1491 181 43 immensely
518 1492 52 33 the
601 1493 179 41 Dowager's
811 1493 141 43 superior
981 1493 30 32 in

185 1551 116 31 certain
324 1552 111 41 points.
483 1552 103 33 When
612 1553 53 33 the
691 1554 157 41 Marquise
874 1554 70 41 had,
978 1567 33 20 as
