1090 1740
309 106 106 21 ALONE
439 106 35 21 IN
497 106 63 22 THE
583 107 120 21 WORLD.

882 104 32 25 61

94 186 32 27 to
144 193 62 31 say,
223 182 57 32 but
295 194 63 20 was
373 183 142 32 troubled
530 183 71 33 hoAv
615 189 32 27 to
665 196 53 31 say
734 184 32 32 it.
813 185 103 32 Never

94 241 62 32 had
181 242 53 33 she
259 254 73 21 seen
359 243 55 32 her
441 244 121 33 mother
589 256 33 21 so
648 244 81 41 fond,
751 256 33 21 so
806 256 110 21 encou-

96 304 118 41 raging.

138 365 91 33 After
244 377 18 21 a
277 377 94 31 pause
375 385 39 4 —

173 426 82 33 Does
279 426 23 33 it
318 439 82 20 seem
414 432 33 27 to
470 440 61 30 you
552 428 83 42 quite
795 428 55 32 she
872 440 46 20 re-

97 487 207 41 commenced,
357 487 68 33 that
450 488 61 32 this
537 493 88 38 great
652 493 65 38 step
745 488 109 32 should
880 489 38 31 be

98 548 103 41 taken,
212 548 63 33 this
291 548 83 43 long,
386 548 271 43 life-engagement
672 549 175 32 contracted
863 561 32 20 so

97 629 43 3 —
142 609 53 32 she
211 609 155 32 hesitated
366 629 43 3 —
442 621 33 20 so
491 610 109 41 lightly
613 612 14 30 ?

174 670 130 42 Lightly
317 671 6 31 !
370 670 101 32 Claire
485 671 6 31 !
555 670 115 32 echoed
707 669 143 33 Madame
881 669 36 33 de

99 731 164 40 ClaAnreuil,
310 731 75 32 with
440 731 197 42 undisguised
687 730 230 33 astonishment.

132 793 127 40 Lightly
273 793 7 32 !
326 792 97 32 What
439 792 37 32 do
492 804 60 29 you
568 804 89 20 mean
668 794 15 30 ?

176 854 16 30 I
215 864 100 29 mean,
508 853 158 31 answered
689 852 53 32 the
767 852 66 42 girl,
850 852 30 32 in
903 864 18 20 a

101 916 94 31 lower
225 919 82 36 tone,
358 914 128 32 without
517 926 60 30 any
600 914 140 32 affection
763 925 39 20 on
825 913 96 32 either

180 1036 153 32 Affection
378 1048 102 20 comes
679 1035 148 32 observed
870 1035 50 32 the

100 1100 162 31 Countess.

176 1160 62 32 But
253 1159 27 32 if
290 1159 24 32 it
329 1171 93 21 never
438 1171 102 20 comes
551 1160 14 31 ?
618 1159 167 41 suggested
801 1158 109 33 Claire.

386 1220 173 42 responded
601 1220 51 31 the
690 1219 126 40 mother,
861 1218 60 31 less

99 1282 138 41 warmly,
254 1281 119 41 though
401 1281 61 32 still
486 1281 116 41 kindly,
652 1279 85 32 these
762 1290 50 21 are
834 1290 88 31 ques-

99 1344 81 32 tions
197 1343 100 33 which
321 1343 27 32 it
373 1343 73 32 does
469 1347 55 28 not
538 1343 75 31 befit
636 1353 19 20 a
680 1352 104 30 young
810 1341 58 41 girl
890 1345 32 28 to

177 1467 61 31 But
254 1465 26 32 if
299 1464 52 33 the
366 1464 86 42 girl's
468 1464 162 42 happiness
646 1463 39 32 be

102 1528 100 42 urged
219 1526 119 41 Claire;
423 1525 54 33 her
491 1525 89 32 heart
594 1525 38 32 be
648 1524 138 33 broken?
808 1524 27 32 if
835 1544 38 3 —
