1090 1740
163 110 55 25 202

397 116 82 20 LOVE
502 115 65 20 THE
590 112 161 22 AVENGER.

163 192 51 32 He
239 204 64 20 Avas
328 192 53 33 the
405 196 73 38 type
503 191 35 31 of
560 189 75 33 such
661 188 127 33 soldiers
812 199 33 21 as
872 186 122 33 Trochu

162 254 101 32 would
279 254 97 32 desire
400 253 52 32 the
475 252 121 32 French
618 263 88 30 army
723 255 32 27 to
771 250 39 32 be
827 249 165 43 composed

163 316 33 32 of
205 330 5 18 :
236 316 119 32 modest
370 315 60 32 and
448 314 118 42 daring,
584 314 104 42 gentle
711 313 60 32 and
788 310 200 42 determined,

161 377 109 42 highly
304 376 196 41 intellectual,
540 381 53 37 yet
630 374 172 44 physically
833 373 137 33 reckless
984 385 7 28 ;

160 438 72 41 and,
249 438 78 32 from
349 437 51 32 the
422 448 58 31 age
502 437 34 32 of
552 437 143 32 nineteen
720 436 48 42 (lie
786 435 62 31 had
865 434 128 41 wilfully

162 499 130 32 enlisted
311 504 31 27 at
364 497 166 44 eighteen),
553 498 118 42 having
686 509 69 21 Avon
778 497 89 42 glory
883 497 41 42 by
940 508 53 20 ex-

160 561 91 41 ploits
279 560 34 31 of
338 559 232 43 extraordinary
596 559 107 32 merits
729 558 139 32 whether
899 569 34 20 as
960 562 33 27 to

163 622 107 31 valour
293 633 33 20 or
349 621 133 42 military
499 621 149 42 capacity.
696 620 51 32 He
772 631 74 30 was,
872 619 121 32 besides

161 683 71 40 this,
264 683 194 41 remarkably
489 682 244 42 good-looking,
766 681 62 32 had
852 680 140 42 winning

161 756 85 29 ways
270 744 73 31 with
367 755 129 28 Avomen,
523 744 60 30 and
606 743 62 31 had
692 743 78 31 been
792 742 135 42 brought
949 754 42 30 up

162 806 74 31 Avith
268 806 101 31 Claire
405 806 31 30 in
472 805 41 31 all
546 805 52 31 the
631 809 95 27 sweet
752 804 179 43 familiarity
962 804 34 32 of

162 867 184 41 cousinship.

207 928 29 31 A
264 939 73 30 very
365 927 197 32 unfortunate
584 938 181 21 occurrence
794 928 128 32 decided
948 928 42 32 M.

163 989 37 32 •de
224 989 150 32 Lancour'
379 1000 13 21 s
415 989 118 42 private
557 1000 105 21 career
675 1002 7 27 ;
707 989 121 41 though
851 989 23 32 it
898 989 31 32 in
952 1000 40 21 no

164 1051 112 42 degree
303 1050 145 33 modified
475 1050 48 33 his
550 1050 137 33 habitual
709 1051 187 32 intercourse
918 1051 74 32 with

163 1112 47 31 his
226 1124 69 19 oavu
310 1112 154 31 relations.

208 1174 143 31 Madame
368 1173 36 31 de
422 1173 170 41 Mottefort,
611 1173 51 32 the
679 1174 70 31 wife
770 1174 36 31 of
823 1174 53 32 the
894 1174 100 33 lieut.-

165 1234 117 32 colonel
299 1234 34 32 of
352 1246 18 20 a
394 1235 125 41 cavalry
541 1235 152 41 regiment
716 1235 31 31 in
771 1235 101 33 which
889 1236 105 32 Victor

165 1295 61 31 had
252 1295 67 42 just
349 1295 81 32 risen
461 1300 31 27 to
524 1296 52 31 the
607 1296 78 31 rank
717 1296 34 32 of
775 1297 130 42 captain,
933 1297 61 32 had

166 1356 182 31 abandoned
369 1355 182 43 everything
567 1356 31 31 in
614 1356 52 32 the
683 1357 96 31 world
795 1362 33 27 to
844 1370 95 30 prove
962 1362 32 27 to

166 1417 55 31 her
237 1417 83 32 lover
337 1417 34 31 of
386 1429 18 20 a
420 1418 60 41 day
496 1417 67 32 that
584 1418 70 32 hers
678 1431 63 19 was
764 1419 53 32 the
840 1419 71 32 love
927 1419 67 32 that

167 1490 92 19 never
283 1479 73 40 dies,
374 1479 56 31 but
450 1479 111 32 braves
585 1480 40 31 all
650 1480 231 33 circumstance.
927 1481 67 32 The

165 1539 138 31 sacrifice
327 1539 60 32 had
411 1540 79 31 been
514 1541 154 40 accepted.
716 1541 42 33 M.
786 1541 37 32 de
851 1542 143 32 Lancour
