1090 1740
852 88 52 25 239

296 94 164 21 MONSIEUR
483 94 204 21 MARDONNET.

86 179 84 20 same
187 173 72 37 sort,
483 170 115 40 hinted,
615 169 132 41 blandly,
765 169 41 30 M.
824 168 81 31 Mar-

87 228 123 33 donnet.

164 292 32 30 N
196 311 44 3 —
241 303 26 29 o,
304 304 20 19 n
326 311 42 3 —
451 291 184 32 stammered
665 292 53 31 the
749 289 137 43 Marquis
900 303 6 27 ;

196 352 87 32 there
307 352 149 41 certainly
478 352 25 31 is
528 352 174 41 something
729 364 46 19 we
801 350 106 32 should

90 413 41 31 all
147 413 87 32 three
252 414 33 31 of
296 426 35 19 us
347 414 61 31 like
424 425 76 28 very

135 475 60 31 His
214 475 85 32 voice
323 475 77 31 sank
422 479 32 27 to
478 486 17 19 a
517 475 132 41 whisper
672 486 33 19 as
728 475 38 30 he
790 475 119 30 uttered

91 536 86 32 these
194 536 108 40 words,
327 536 61 32 and
410 536 38 32 he
472 536 82 31 drew
578 536 47 31 his
650 536 83 31 chair
756 547 109 20 nearer
879 540 30 27 to

93 597 43 33 M.
153 597 177 42 Theophile.

355 659 15 31 I
394 670 57 20 can
591 658 138 42 inquired
752 658 68 32 that
842 658 69 41 wily

95 719 176 31 individual.

171 780 59 40 Oh,
247 791 54 31 yes
314 793 7 28 ;
353 779 174 42 something
542 791 60 30 you
624 791 57 21 can
697 779 102 42 easily,
818 779 96 42 easily

191 841 134 41 rejoined
349 840 124 41 Olivier,
490 840 83 40 with,
598 840 47 32 for
666 840 72 40 him,
764 840 150 32 consider-

98 902 69 32 able
181 913 171 30 eagerness.
400 902 62 31 But
471 901 85 32 there
573 901 38 32 he
627 912 85 21 came
729 906 31 27 to
777 912 18 20 a
810 901 104 31 stand-

101 963 71 40 still,
190 962 60 32 and
266 962 90 32 could
370 967 54 36 get
439 974 40 20 no
495 962 127 32 further.

176 1024 72 31 You
268 1023 92 32 know
374 1034 53 30 my
443 1027 82 27 utter
540 1022 142 32 devotion
697 1027 32 27 to
853 1022 63 32 said

101 1084 193 40 Mardonnet,
311 1083 104 43 trying
438 1088 31 27 to
491 1083 89 41 bring
605 1094 39 21 on
668 1083 53 32 the
749 1083 167 32 confession

101 1146 39 32 he
157 1145 61 32 had
234 1145 72 41 long
320 1144 145 33 foreseen.
544 1144 159 42 Anything
718 1144 15 32 I
749 1156 66 28 can,
833 1145 16 31 I
859 1144 57 32 will

103 1208 38 31 do
157 1207 46 31 for

177 1270 66 33 Can
258 1282 61 30 you
341 1269 72 32 take
435 1280 37 20 us
487 1269 113 31 behind
622 1269 50 32 the
689 1281 105 20 scenes
812 1269 34 31 of
867 1269 52 32 the

103 1333 91 31 Porte
223 1331 43 33 St.
478 1330 154 32 blustered
664 1335 52 27 out
742 1330 52 32 the
826 1330 93 41 youth

103 1393 74 32 with
194 1391 198 41 desperation.

182 1453 108 41 Mercy
303 1453 6 32 !
368 1452 83 32 cried
473 1452 43 32 M.
544 1451 166 42 Theophile
724 1464 6 29 ;
796 1452 82 32 what
904 1464 16 20 a

103 1515 142 42 request!
