1090 1740
176 99 52 27 234

406 107 82 21 LOVE
511 107 64 21 THE
598 105 162 23 AVENGER.

177 184 105 32 obtain
299 184 47 32 for
370 184 156 32 Monsieur
548 182 170 43 Theophile
735 194 19 20 a
770 180 151 33 lucrative
937 184 68 38 post

177 257 83 31 upon
283 246 53 32 the
365 245 73 32 staff
465 244 34 32 of
525 255 85 22 some
635 243 244 43 right-thinking
901 254 104 30 paper,

177 306 31 32 in
236 306 103 32 whose
368 305 148 41 columns,
534 317 34 20 as
584 305 79 32 from
686 317 19 20 a
728 305 132 40 tribune,
884 304 52 32 the
959 316 46 19 re-

177 367 129 32 claimed
335 367 105 32 sinner
469 367 101 42 might
600 367 153 42 flagellate
780 366 76 33 with
887 366 41 33 all
959 366 46 31 his

176 429 160 32 new-born
352 429 123 31 fervour
490 429 46 31 his
553 429 50 31 old
619 428 166 32 associates
801 428 31 32 in
848 428 135 41 impiety.

414 490 66 31 said
502 490 42 32 M.
570 490 179 42 The'ophile,
911 490 39 31 be
972 493 32 27 at

177 551 110 42 liberty
302 556 33 27 to
362 556 66 27 cast
455 551 31 33 in
503 552 51 31 the
579 551 84 33 teeth
680 552 34 31 of
736 551 53 32 the
816 551 121 32 infidels
953 551 51 32 the

177 614 155 41 ill-gotten
360 614 74 42 gold
459 614 43 42 by
526 614 110 40 which,
663 614 78 31 until
765 614 84 40 then,
879 614 16 31 I
922 618 82 27 must

177 675 113 31 subsist
303 676 6 30 !

407 736 168 32 exclaimed
590 736 53 33 the
659 736 139 33 exultant
814 736 91 33 Abbe
922 737 82 32 Lan-

177 797 81 40 nion,
309 797 16 32 I
341 809 56 20 can
413 797 107 42 boldly
536 797 138 43 triumph
690 798 32 31 in
737 810 53 30 my
806 798 94 40 work,
919 798 85 32 sIioav

177 870 53 30 my
244 858 100 32 fellow
367 858 158 32 labourers
548 858 32 32 in
602 858 55 32 the
673 858 87 32 fields
777 858 35 32 of
829 858 77 32 faith
922 858 82 32 Avhat

177 920 16 31 I
213 920 78 31 have
309 920 86 40 done,
413 919 62 32 and
491 919 103 32 reveal
607 919 39 32 all
662 924 30 27 to
708 919 145 32 Madame
876 920 30 31 la
922 919 82 32 Mar-

176 982 84 41 quise
275 983 6 30 !
328 982 84 31 Hoav
427 981 143 31 Madame
586 981 30 31 la
639 981 156 42 Marquise
812 981 61 31 will
889 981 113 42 rejoice

179 1054 72 20 over
275 1054 62 30 you
351 1044 6 30 !
414 1042 38 31 he
484 1042 172 42 invariably
680 1042 109 41 added,
822 1054 33 20 as
885 1042 119 42 though

177 1103 32 31 in
224 1104 69 31 that
309 1104 107 31 notion
432 1104 51 40 lay
498 1104 47 31 his
563 1104 127 31 chiefest
707 1104 198 32 satisfaction.

221 1165 121 31 Winter
359 1176 85 20 came
461 1177 47 20 on.
556 1166 29 31 It
597 1177 64 20 was
678 1166 83 41 quite
776 1166 52 31 the
838 1166 168 41 beginning

178 1225 35 32 of
238 1226 53 31 the
318 1238 80 29 year,
426 1227 61 31 and
512 1238 57 21 one
596 1227 59 42 day
677 1228 42 32 M.
747 1227 171 43 Theophile
944 1239 62 21 was

180 1288 105 42 sitting
300 1288 31 32 in
355 1289 48 32 his
427 1289 88 32 small
538 1301 86 20 room
641 1301 38 20 on
696 1290 52 32 the
764 1290 102 32 fourth
882 1291 77 31 floor
974 1290 32 32 in

177 1349 54 33 the
247 1350 67 32 Rue
332 1351 44 32 St.
394 1350 101 41 Anne,
513 1351 139 42 building
667 1364 41 29 up
731 1351 49 32 his
803 1352 54 32 fire
874 1352 76 32 Avith
966 1353 40 31 all

178 1410 54 33 the
244 1415 85 38 stray
338 1411 60 32 bits
414 1412 34 31 of
460 1413 88 31 wood
563 1412 39 32 he
616 1413 90 31 could
722 1413 70 41 pick
808 1426 42 29 up
867 1415 74 31 Avith
958 1415 48 31 his

177 1476 100 37 tongs,
294 1472 61 31 and
381 1473 190 41 ruminating
594 1474 31 31 in
650 1474 48 31 his
723 1475 181 32 conscience
922 1476 85 32 what

178 1531 100 41 might
304 1532 38 32 be
367 1533 47 31 his
438 1534 146 40 probable
605 1546 158 21 resources
784 1536 46 32 for
854 1536 53 33 the
933 1542 74 28 next
