1090 1740
382 108 105 22 ALONE
511 110 35 20 IN
568 110 78 20 LIFE.

907 106 15 25 3

104 195 64 20 was
198 184 98 32 called
325 184 53 33 the
407 185 109 40 Street,
548 185 69 40 and,
645 185 89 33 when
761 186 84 32 what
871 187 51 31 the

104 249 94 28 street
227 246 150 41 regarded
400 257 33 21 as
456 246 39 32 its
512 246 91 42 shops
628 257 84 22 came
736 251 33 28 to
793 258 38 21 an
855 248 67 40 end,

104 306 23 32 it
154 307 49 31 led
232 307 80 32 forth
342 307 133 33 towards
507 308 52 32 the
587 319 80 31 open
691 308 95 41 fields,
811 320 72 20 over
905 321 17 20 a

104 367 116 41 bridge,
253 367 104 33 beside
394 367 102 33 which
530 368 50 42 lay
610 368 52 32 the
700 369 91 42 pond,
822 369 100 31 where

104 428 240 32 washerwomen
375 439 80 21 were
485 428 45 32 for
568 440 72 21 ever
673 434 33 27 at
734 429 94 41 work,
864 430 58 31 and

104 489 125 40 merged
259 493 33 27 at
321 489 115 41 length,
464 489 94 32 about
588 500 19 21 a
636 489 70 33 mile
731 489 116 33 further
874 501 47 29 on,

103 550 63 31 into
182 550 53 31 the
251 549 167 41 high-road
433 550 78 32 from
528 550 97 32 Tours
640 555 33 28 to
690 550 154 33 Chartres.

148 610 79 42 Flat,
243 611 63 40 flat,
325 610 116 43 dreary,
466 611 81 40 bare,
565 611 231 42 uninteresting.
843 611 79 32 That

104 671 26 32 is
145 671 53 33 the
213 672 171 32 traveller's
399 672 181 42 impression
600 684 33 20 as
649 672 38 32 he
704 684 115 20 crosses
835 672 87 32 these

104 737 203 28 monotonous
333 733 108 42 plains,
460 733 141 32 whereon
622 744 18 21 a
663 732 79 33 bush
765 733 24 32 is
813 744 19 21 a
853 744 69 31 pro-

102 793 118 33 minent
245 793 126 42 feature,
403 794 61 32 and
494 805 19 21 a
538 805 96 30 group
667 793 33 33 of
732 798 79 28 trees
841 794 81 32 what

103 855 122 32 French
239 855 108 42 people
370 855 58 31 call
451 866 38 20 an
513 860 99 26 event.
661 855 234 41 Uninteresting
907 857 15 29 ?

103 916 73 40 Yes,
201 920 32 27 to
258 927 61 31 you
342 915 71 32 who
437 927 71 31 pass
534 927 39 20 on
591 915 60 32 and
677 926 40 31 go
740 927 77 30 your
837 927 82 30 way;

102 977 57 31 but
181 982 31 26 to
235 976 88 32 those
346 977 102 31 whose
471 988 68 30 way
561 976 24 32 it
607 976 25 32 is
662 980 32 28 to
724 975 88 33 abide
837 976 80 40 here,

101 1039 55 31 full
173 1038 35 32 of
225 1038 134 41 interest,
378 1037 189 42 life-stirring
587 1036 60 33 and
670 1036 124 33 terrible
811 1048 33 20 as
860 1048 59 30 any

100 1099 69 32 that
192 1111 71 20 ever
286 1099 117 32 formed
424 1098 53 32 the
501 1098 219 42 ground-work
744 1098 34 31 of
795 1098 124 32 historic

102 1161 129 31 dramas.

143 1222 116 42 Nearly
275 1222 139 42 opposite
429 1221 50 32 the
498 1221 80 31 little
594 1220 183 42 dilapidated
793 1220 123 41 church,

99 1284 74 32 with
194 1284 40 32 its
254 1284 94 31 dumb
373 1283 94 40 clock,
485 1283 101 31 whose
609 1286 86 37 rusty
717 1281 98 32 hands
838 1286 78 27 eter-

99 1345 84 42 nally
209 1345 126 42 pointed
358 1350 33 27 to
421 1344 147 42 half-past
597 1343 96 39 three,
725 1342 59 31 and
814 1342 102 32 whose

98 1413 95 37 rusty,
203 1407 229 43 arrow-shaped
440 1405 213 34 weathercock
668 1416 94 21 never
778 1405 137 32 swerved

99 1470 77 31 from
198 1468 146 41 N.N.W.,
368 1468 88 31 stood
476 1479 18 20 a
515 1466 76 42 shop
614 1466 75 31 with
712 1466 107 32 ban-ed
841 1466 74 31 door

99 1531 62 32 and
181 1529 101 33 closed
305 1529 142 32 shutters.
496 1528 91 41 Upon
610 1539 19 21 a
652 1527 94 33 broad
771 1527 93 42 stripe
886 1527 32 33 of

790 1594 13 14 B
818 1589 10 19 2
