1090 1740
178 122 54 27 284

409 129 83 20 LOVE
515 129 64 20 THE
603 127 163 22 AVENGER.

179 205 67 33 that
262 206 29 31 in
315 206 47 31 his
379 206 98 31 Avorld
500 206 42 32 M.
568 205 38 32 de
630 205 167 40 Moranges
814 213 65 21 was
896 213 18 21 a
933 212 73 21 man

178 273 32 27 to
238 268 37 32 be
302 267 103 43 pitied,
425 267 59 32 and
502 267 117 42 spoken
645 266 35 32 of
696 278 33 20 as
753 266 60 31 lost
824 278 7 28 ;
857 263 60 32 and
938 263 68 32 that

177 329 88 32 there
281 328 100 43 might
404 329 39 32 be
463 340 84 21 some
563 328 72 42 gain
656 327 148 33 achieved
824 327 42 41 by
882 325 124 42 serving

177 390 54 32 the
247 390 86 43 pious
356 390 115 32 sister's
494 390 89 43 plans
604 389 47 33 for
674 389 144 41 rescuing
841 400 39 20 an
902 387 104 41 erring

177 452 150 31 brother's
344 453 74 30 soul.

222 514 94 32 Much
340 514 122 42 beyond
492 514 61 31 this
580 513 131 42 Aspasie
737 512 51 32 did
815 516 55 27 not
894 516 54 37 get
972 515 32 28 at

177 575 67 31 first
255 588 6 27 ;
294 576 56 30 but
377 575 54 32 she
461 575 81 31 fixed
569 586 83 30 upon
677 585 19 20 a
726 573 114 32 second
866 572 138 42 meeting

177 636 52 32 the
260 641 73 27 next
364 636 59 42 day
454 636 75 31 Avith
560 635 144 32 Madame
736 635 37 31 de
805 634 195 32 Beauvoisin.

177 698 73 31 This
277 698 137 41 meeting
430 709 62 20 Avas
519 703 31 26 to
578 697 72 31 take
671 696 87 42 place
785 696 31 31 in
840 708 18 19 a
881 696 120 41 private

176 774 85 19 room
280 767 32 26 at
334 762 53 31 the
409 761 188 32 fashionable
624 760 222 32 dressmaker's
858 774 6 27 ;
889 760 61 32 and
969 772 33 20 as

175 823 56 31 she
255 827 82 27 Avent
360 834 97 30 away,
474 822 53 31 the
551 821 155 42 DoAvager
722 821 127 32 ordered
873 821 45 32 for
934 821 69 32 her-

176 883 64 31 self
260 894 18 20 a
302 882 91 42 plain,
411 894 76 30 grey
509 882 58 31 silk
592 894 92 29 goAvn
709 882 60 31 and
794 882 97 40 cloak,
921 881 82 42 quite

177 944 81 41 plain
267 963 44 3 —
323 944 53 31 she
407 944 114 41 always
553 943 126 32 dressed
710 955 32 20 so
769 944 110 41 simply
890 963 43 3 —
943 944 60 31 and

177 1006 100 31 which
289 1017 64 20 Avas
371 1005 71 41 only
454 1010 33 26 to
504 1009 65 27 cost
586 1017 17 19 a
619 1005 152 31 thousand
787 1005 110 33 francs.

221 1066 40 32 So
277 1066 51 32 the
351 1071 74 26 next
443 1066 62 41 day
521 1066 61 31 this
605 1066 66 42 pair
695 1071 62 26 met
779 1066 101 41 again,
898 1067 58 31 but
972 1066 30 31 in

177 1139 74 29 very
268 1127 141 32 different
432 1128 181 39 conditions,
630 1128 46 31 for
699 1139 70 20 noAv
792 1128 83 32 Mile.
897 1129 105 31 Mour-

171 1189 55 41 jon
241 1189 91 32 knew
347 1189 84 31 what
446 1190 53 31 she
516 1201 64 20 was
597 1189 102 41 about,
714 1190 60 31 and
790 1201 63 20 was
871 1190 90 41 equal
971 1195 31 27 to

176 1261 18 21 a
210 1250 89 32 brace
316 1250 33 32 of
358 1251 176 40 Dowagers.

220 1311 66 32 The
317 1311 197 33 demureness
546 1312 34 32 of
606 1317 106 38 aspect
743 1312 34 32 of
796 1312 54 32 the
874 1313 72 42 lady
972 1314 31 31 in

177 1372 127 41 Avaiting
319 1384 64 20 was
407 1372 76 33 such
507 1385 34 20 as
564 1377 32 28 to
620 1373 153 32 confound
795 1374 146 32 Madame
965 1375 38 32 de

177 1432 193 33 Beauvoisin.
429 1433 36 32 In
490 1433 52 33 the
573 1434 148 32 minutest
748 1435 109 31 details
890 1435 34 31 of
950 1435 54 33 her

177 1493 89 31 attire
289 1493 87 32 there
392 1505 62 21 Avas
478 1499 55 27 not
557 1506 34 20 so
606 1495 93 32 much
723 1508 34 19 as
779 1508 19 19 a
821 1496 110 32 thread
947 1497 57 32 but

176 1554 72 30 bore
265 1553 121 32 Avitness
402 1559 31 27 to
453 1554 99 32 virtue
567 1569 6 26 ;
597 1555 52 32 the
669 1568 75 27 very
759 1557 127 31 buttons
903 1557 34 32 of
949 1558 55 32 her
