1090 1740
386 442 206 32 CHAPTER
615 443 69 31 XII.

423 539 47 20 MY
494 539 141 21 NEPHEW.

165 614 72 31 The
280 614 60 42 day
370 614 78 33 after
478 614 55 33 her
568 615 73 32 visit
676 621 31 26 to
745 615 52 32 the
829 615 110 42 Opera,

121 675 149 32 Claudine
294 686 63 20 was
381 675 107 41 sitting
512 675 31 32 in
566 687 19 20 a
605 676 87 32 small
706 676 127 32 boudoir
850 687 91 31 open-

121 735 54 42 ing
198 747 83 30 upon
304 735 54 33 the
381 735 126 42 garden.
555 736 65 33 The
647 737 133 32 Aveather
800 748 63 21 was
886 748 55 21 un-

121 796 121 42 usually
264 796 60 32 fine
354 796 46 32 for
430 796 97 42 April,
552 797 60 32 and
634 797 148 42 although
800 809 18 20 a
839 797 102 42 bright

123 857 87 31 Avood
235 857 54 31 fire
314 868 63 21 was
398 857 130 42 burning
547 869 38 20 on
601 857 52 32 the
669 857 117 41 hearth,
800 857 50 33 the
866 857 75 32 win-

122 918 71 30 dow
208 929 63 20 was
288 929 87 31 open,
393 918 61 32 and
469 918 52 32 the
537 929 94 21 warm
647 918 44 32 air
707 930 85 20 came
808 918 31 31 in
855 918 86 32 laden

122 978 76 32 Avith
223 978 53 32 the
302 983 86 27 scent
403 978 34 32 of
455 978 95 40 earth,
567 978 60 32 and
642 989 95 30 grass,
756 978 58 33 and
829 978 110 40 leaves,

122 1039 63 32 and
200 1039 79 32 alive
295 1039 74 33 with
385 1039 52 33 the
454 1051 92 29 songs
563 1039 33 32 of
607 1039 89 33 birds.

166 1100 149 33 Claudine
347 1112 64 21 was
442 1101 87 32 alone
542 1115 7 26 ;
579 1113 83 29 upon
687 1113 19 20 a
727 1101 80 32 table
838 1102 100 31 beside

122 1162 54 32 her
198 1173 80 21 were
303 1162 97 32 books
431 1162 61 31 and
518 1162 117 32 several
660 1162 100 32 sheets
783 1162 34 32 of
835 1174 103 31 paper,

122 1222 62 32 and
211 1222 53 32 she
296 1222 62 32 had
384 1222 30 31 in
442 1222 55 32 her
520 1222 81 31 hand
628 1233 19 22 a
676 1222 262 43 mother-of-pearl

121 1295 62 30 pen
204 1283 149 32 mounted
376 1283 31 31 in
430 1283 81 41 gold,
529 1282 100 32 which
652 1282 54 33 she
730 1294 63 21 was
816 1284 122 41 turning

121 1344 99 32 round
242 1345 139 31 between
412 1344 54 32 her
488 1344 113 41 fingers
623 1343 99 43 lazily.
775 1344 65 32 Her
870 1344 68 32 look

121 1418 64 19 was
209 1410 32 27 at
264 1417 74 20 once
362 1409 109 28 vacant
497 1405 60 32 and
580 1405 106 40 intent,
712 1405 59 32 and
791 1405 52 32 the
870 1405 68 43 only

120 1480 69 30 way
204 1472 32 27 to
263 1467 135 32 describe
414 1466 54 32 her
488 1467 101 31 would
612 1467 38 30 be
671 1471 31 27 to
727 1479 53 30 say
800 1467 66 32 that
887 1468 51 31 she

120 1540 62 21 was
200 1527 92 42 doing
309 1527 130 42 nothing
462 1527 228 42 determinedly.
735 1528 30 31 It
786 1540 61 21 was
870 1541 68 29 pre-
