1090 1740
204 124 53 25 288

435 130 83 20 LOVE
542 130 65 20 THE
630 129 159 21 AVENGER.

203 220 18 19 a
237 207 56 33 fair
314 208 67 31 half
401 207 79 32 from
503 207 53 32 the
578 207 101 41 salary
729 206 65 42 (she
823 205 51 32 did
900 209 55 28 not
977 216 54 31 say

202 281 102 31 wages
320 269 61 33 this
396 269 85 41 time)
536 269 45 32 for
603 269 53 32 the
673 268 95 32 dress.
815 268 70 31 You
902 267 80 32 have
998 271 33 28 to

201 330 85 33 dress
313 330 201 42 handsomely
571 330 64 43 (she
663 334 66 28 cast
754 341 40 20 an
826 329 203 32 arithmetical

199 392 108 42 glance
325 403 72 21 0A7er
412 392 159 42 Aspasie's
582 391 142 42 toilette),
848 391 83 33 can't
943 391 85 32 dress

199 454 97 31 under
311 454 85 31 three
412 453 154 32 thousand
582 453 102 32 francs
700 465 18 20 a

271 516 16 30 I
304 515 38 32 do
358 520 54 27 not
429 515 96 42 spend
646 515 116 42 replied
779 515 85 32 Mile.
884 513 140 44 Mourjon

196 578 30 30 in
249 577 51 32 the
326 577 134 41 gentlest
486 576 33 32 of
541 581 96 36 tones,
761 577 42 32 M.
831 577 27 31 le
886 575 138 42 Marquis

195 638 26 31 is
245 650 75 30 \rery
344 638 199 40 considerate,
573 637 60 31 and
657 637 154 31 furnishes
835 637 54 32 the
921 637 103 41 larger

194 700 121 42 portion
343 700 34 31 of
397 700 51 31 the
476 699 85 32 dress
587 699 102 32 which
716 699 39 31 he
785 699 108 32 knows
920 704 32 27 to
983 699 39 32 be

270 822 128 41 Humph
414 822 5 32 !
462 821 123 32 snorted
596 821 51 32 the
661 822 163 41 Dowager,
838 822 182 41 displeased,

193 883 61 32 and
270 883 139 41 sliOAving
419 882 23 32 it
450 896 7 27 ;
503 882 55 32 but
569 888 33 26 at
613 882 41 32 all
665 887 117 36 events,
794 894 62 31 you
867 894 60 30 see,
942 895 78 20 even

192 944 27 32 if
230 957 45 20 Ave
291 949 55 38 put
362 945 23 31 it
403 949 31 27 at
449 944 54 32 the
519 943 98 33 Avhole
634 943 45 33 six
703 943 155 33 thousand
874 944 101 32 francs
977 965 43 3 —

191 1018 40 19 no
243 1007 6 31 !
284 1018 47 19 we
356 1018 56 19 can
440 1018 55 30 say
515 1005 60 32 fiAre
576 1026 44 2 —
621 1005 69 32 well
717 1009 32 28 at
775 1005 61 32 five
862 1005 157 32 thousand

190 1067 102 32 francs
319 1079 18 20 a
362 1079 81 30 year,
472 1067 23 31 it
520 1078 56 20 can
602 1078 94 20 never
722 1066 38 32 be
784 1078 86 20 more
897 1066 75 32 than
1000 1078 19 20 a

190 1134 176 37 temporary
397 1133 212 36 engagement,
641 1128 53 31 the
726 1128 84 31 affair
842 1128 35 31 of
911 1140 18 19 a
960 1128 57 32 feAv

190 1203 97 30 years.
333 1191 15 30 I
365 1202 49 19 am
436 1202 17 19 a
469 1202 111 30 person
596 1189 34 32 of
652 1189 83 42 large
757 1189 83 32 ideas
857 1190 30 31 in
904 1190 111 40 affairs,

189 1252 15 32 I
221 1263 93 21 never
330 1252 60 31 aim
403 1257 31 26 at
449 1252 77 31 little
539 1251 126 41 savings
667 1271 41 3 —
712 1263 132 31 suppose
860 1263 46 20 we
923 1257 93 27 count

190 1325 82 31 upon
282 1318 52 27 ten
346 1324 89 30 years
448 1313 34 32 of
494 1313 123 42 employ
632 1326 5 20 :
641 1333 42 3 —
684 1313 93 33 that's
790 1325 19 21 a
821 1314 99 32 round
931 1326 82 29 sum;

188 1380 50 28 ten
254 1375 89 32 times
353 1374 69 41 five,
434 1374 67 32 that
513 1374 106 32 makes
632 1374 69 41 fifty
712 1374 155 33 thousand

345 1435 73 43 why
434 1435 107 32 should
565 1435 24 32 it
613 1435 59 33 last
696 1436 72 43 only
791 1441 53 27 ten

188 1497 93 31 asked
307 1496 140 42 Aspasie,
465 1496 31 31 in
528 1508 17 20 a
564 1496 87 32 voice
678 1497 68 32 that
773 1497 75 43 kept
872 1499 140 42 groAving

187 1557 91 31 softer
294 1557 59 31 and
370 1557 101 31 softer.
