1090 1740
183 104 53 26 138

414 109 81 21 LOVE
519 109 63 20 THE
606 106 161 22 AVENGER.

183 189 78 37 cent,
278 196 69 31 nay,
366 197 83 30 upon
465 184 53 32 the
534 184 129 41 unborn,
681 183 24 32 it
717 182 25 32 is
754 182 57 31 but
826 179 104 42 fitting
946 177 69 33 that

183 259 83 20 some
282 246 181 43 knowledge
481 246 34 32 of
535 247 52 31 the
604 257 91 21 cause
712 244 35 32 of
766 243 60 33 evil
844 241 111 33 should
974 240 40 31 be

182 309 150 42 acquired.
380 309 29 31 It
426 309 24 31 is
473 313 56 28 not
544 309 79 32 from
640 308 52 32 the
710 307 47 32 sin
773 304 87 33 itself
876 304 71 32 that
963 314 51 20 we

181 375 71 28 turn
266 384 7 27 ;
306 382 38 21 on
361 370 50 32 the
429 375 152 37 contrary,
598 370 87 32 there
709 380 97 21 never
822 378 64 20 was
903 378 18 19 a
936 364 77 33 time

181 432 31 32 in
228 432 109 40 which,
362 431 190 43 throughout
574 431 134 43 Europe,
736 431 23 31 it
775 441 64 20 was
864 440 33 20 so
917 426 95 32 much

180 494 101 31 talked
313 494 59 31 and
403 493 120 33 written
560 493 102 31 about.
725 491 130 33 Neither
894 490 38 31 do
965 500 46 19 avc

179 556 92 32 recoil
287 556 77 32 from
378 556 115 32 certain
509 554 205 32 incarnations
733 553 35 32 of
784 553 53 32 the
855 552 47 33 sin
919 552 92 31 when

180 618 75 41 they
285 629 50 21 are
367 617 182 41 sufficiently
576 615 209 42 magnificent.
852 614 75 32 Just
957 613 55 33 the

180 690 120 21 reverse
315 692 6 20 :
345 679 46 32 for
407 679 30 31 in
453 679 68 32 that
539 690 70 20 case
626 690 55 20 our
697 677 70 32 best
782 677 60 31 and
858 680 109 39 purest
968 696 44 2 —

180 752 55 21 our
251 740 143 41 mothers,
420 740 147 40 maidens,
586 740 95 32 AAn'ves
683 759 39 3 —
722 739 94 42 jostle
841 739 53 32 the
919 738 90 32 sinful

181 803 30 31 in
235 802 53 32 the
315 802 111 40 crowd,
455 801 61 33 and
541 801 95 43 speak
665 801 33 32 of
724 801 85 32 them
837 813 34 20 as
894 801 34 32 of
950 812 64 30 any

181 863 87 33 other
292 863 91 42 sight,
408 863 101 32 which
539 863 25 31 it
594 874 72 31 may
693 863 39 31 be
759 862 192 32 fashionable
979 867 32 27 to

181 938 58 19 see.

223 987 128 31 Neither
382 987 78 31 have
486 999 46 20 Ave
565 999 61 30 any
656 999 197 30 repugnance
882 986 46 32 for
958 986 53 32 the

180 1048 181 32 death-beds
385 1049 34 31 of
438 1049 53 31 the
516 1049 124 32 sinners.
687 1049 105 32 When
815 1049 23 32 it
863 1060 102 21 comes
981 1053 30 28 to

179 1110 76 39 that,
273 1110 77 31 with
373 1121 33 20 or
422 1110 130 32 Avithout
576 1115 195 38 repentance,
790 1122 46 21 Ave
860 1110 42 33 all
919 1110 34 32 of
975 1122 36 21 us

179 1171 89 42 fancy
279 1171 154 32 ourselves
449 1171 32 32 in
498 1177 128 36 earnest,
645 1172 69 41 and,
732 1177 105 38 pretty
850 1172 109 43 nearly
969 1172 42 32 all

179 1231 35 33 of
224 1244 45 27 us,
287 1232 38 32 do
343 1244 54 20 our
413 1233 77 32 best.

222 1294 62 31 But
300 1294 39 31 all
362 1294 60 32 this
447 1307 137 20 assumes
600 1295 54 32 the
671 1295 60 32 evil
751 1296 87 32 itself
861 1306 33 22 as
912 1308 18 20 a
947 1301 65 27 sort

179 1355 35 31 of
226 1356 158 41 necessity.
432 1356 89 41 Now,
539 1356 69 32 that
632 1357 26 32 is
676 1362 55 27 not
759 1358 132 41 enough.
940 1358 29 32 It
985 1358 28 32 is

179 1421 53 27 not
248 1417 123 41 enough
387 1422 32 27 to
440 1417 56 32 rail
513 1418 122 41 against
658 1419 52 32 the
736 1419 46 32 sin
798 1419 32 32 in
847 1419 41 33 its
908 1419 104 43 splen-

179 1476 84 41 dour,
281 1489 34 20 as
339 1478 24 31 is
387 1478 53 32 the
465 1478 118 42 delight
608 1480 34 31 of
662 1480 150 42 powerful
836 1480 174 43 preachers,

178 1548 56 20 nor
249 1542 32 27 to
297 1539 109 41 rejoice
431 1552 73 20 over
527 1540 52 32 the
596 1542 190 40 conversion,
803 1542 33 32 in
852 1542 102 40 death,
982 1543 34 31 of
