1090 1740
170 78 32 26 84

402 83 80 21 LOVE
505 83 64 21 THE
591 80 160 24 AVENGER.

169 162 79 41 fate;
271 162 56 32 but
352 161 81 33 since
460 161 16 32 I
497 161 79 32 have
602 160 114 32 knoAvn
746 158 44 32 M.
823 157 38 32 de
892 156 99 32 Beau-

169 223 107 40 voisin,
294 223 15 32 I
325 223 57 32 feel
399 223 15 31 I
431 222 97 42 ought
549 226 53 28 not
625 229 32 24 to
674 231 102 31 marry
792 218 70 33 him.
910 217 16 31 I
942 228 49 21 am

168 285 102 42 acting
299 284 188 42 dishonestly
518 284 25 32 if
577 284 15 32 I
624 283 37 32 do
691 286 56 28 not
778 293 55 30 say
864 284 33 28 to
928 279 63 32 him

167 346 67 32 that
259 346 15 32 I
298 346 118 32 neither
431 345 61 33 like
514 357 56 21 nor
595 349 116 29 esteem
738 344 63 31 him
817 356 6 28 ;
848 341 62 33 and
931 340 27 32 if
976 340 15 32 I

167 420 101 30 marry
283 407 63 32 him
362 407 76 32 after
456 407 15 32 I
487 407 79 32 have
583 406 65 33 said
663 406 77 40 that,
759 405 83 31 Avhat
858 402 62 33 will
936 413 55 21 our

167 469 93 31 union

357 530 26 32 is
398 543 77 29 your
489 535 85 37 great
598 529 152 42 objection
773 533 33 27 to

167 591 176 38 demanded,
359 591 114 40 gently,
491 591 142 31 Madame
650 590 37 32 de
704 588 190 33 Beaudouin.

478 652 135 32 retorted
633 651 55 32 her
710 651 85 32 niece
812 649 175 43 decisively.

197 714 50 30 He
271 714 55 31 has
349 714 118 31 neither
492 713 193 41 intelligence
712 724 56 20 nor
795 712 89 32 heart
896 725 7 28 ;
936 711 52 32 the

167 775 71 41 only
252 775 102 41 things
370 775 39 31 he
431 775 133 31 honours
586 775 16 31 I
620 774 120 42 despise
753 787 6 27 ;
784 774 83 31 Avhat
884 774 14 30 I
916 772 72 42 (and

166 836 70 41 you)
265 847 161 20 reArerence
447 836 25 31 is
495 840 31 27 to
549 835 63 32 him
639 847 18 20 a
680 835 78 32 dead
784 835 91 31 letter
889 847 6 28 ;
928 834 60 32 and

166 897 51 32 the
234 897 181 42 superiority
431 897 99 32 Avhich
551 897 107 42 people
681 908 87 31 press
789 908 83 30 upon
888 908 50 20 me
955 907 33 20 as

166 958 181 41 conclusive,
364 958 106 33 makes
493 970 49 21 me
564 958 91 33 blush
671 958 75 33 with
770 958 115 41 shame,
903 958 47 32 for
966 958 22 32 it

166 1020 25 32 is
207 1021 70 42 only
293 1021 51 31 the
369 1021 181 42 superiority
566 1021 35 31 of
618 1021 47 31 his
688 1021 129 32 fortune.
866 1021 83 31 Does
966 1020 22 32 it

166 1081 106 42 satisfy
287 1093 70 30 you,
376 1081 85 31 Aunt
478 1081 201 41 Clementine,
697 1082 68 32 that
784 1083 15 30 I
823 1082 110 31 should
950 1082 37 32 be

208 1203 142 32 Madame
378 1204 178 31 Beaudouin
577 1205 116 32 evaded
716 1205 52 32 the
786 1206 109 41 glance
919 1206 67 32 that

165 1265 216 40 accompanied
396 1266 85 31 these
498 1266 109 32 words.

394 1327 65 31 said
482 1327 63 40 she,
690 1328 79 32 vieAv
792 1328 25 33 is
843 1340 18 21 a
882 1340 105 32 Avrong

166 1397 66 30 one,
260 1386 45 32 for
336 1399 60 29 you
427 1399 50 20 are
508 1400 73 30 very
606 1388 64 33 rich
683 1402 7 28 ;
729 1389 67 42 and,
829 1390 75 32 Avith
934 1391 53 32 the

166 1447 133 32 addition
326 1448 33 31 of
378 1460 53 30 my
455 1449 119 32 fortune
602 1461 57 21 one
685 1450 68 43 day,
778 1463 61 30 you
862 1452 62 31 will
950 1453 37 32 be

166 1508 104 40 nearly
282 1520 33 20 as
331 1509 65 32 rich
412 1521 33 20 as
