1090 1740
335 97 105 21 ALONE
463 98 35 20 IN
521 98 79 20 LIFE.

841 93 34 25 11

54 173 38 32 be
108 184 19 21 a
142 173 112 32 decent
270 184 66 30 one,
353 178 66 27 cost
441 174 175 42 something
631 186 92 29 more,
741 175 60 31 and
822 175 55 31 her

56 246 69 20 own
149 234 148 43 strength,
320 235 215 42 momentarily
558 235 165 41 shattered,
745 247 62 20 was
830 236 47 31 in-

56 297 152 32 sufficient
233 297 46 32 for
303 297 53 32 the
378 297 159 32 increased
557 299 85 31 work
658 299 170 31 demanded
848 299 33 31 of

55 359 32 40 it,
105 358 60 32 and
181 370 33 20 so
228 358 53 32 the
297 358 108 32 widow
421 359 121 41 Raynal
557 360 61 31 had
634 365 31 26 to
683 360 53 31 sell
751 360 53 31 the
820 359 58 32 last

56 420 36 31 of
110 420 52 32 her
193 419 88 32 small
310 420 191 41 belongings,
534 432 18 20 a
581 425 122 37 cottage
734 420 74 32 with
838 420 39 32 its

55 481 265 41 kitchen-garden,
338 492 19 20 a
372 492 108 21 source
495 481 46 32 till
556 493 69 20 now
641 481 34 32 of
686 481 80 41 gain.

99 542 103 32 When
217 542 41 31 all
274 553 63 21 was
353 542 111 32 settled
480 554 18 20 a
514 542 87 32 small
617 554 67 20 sum
700 542 155 33 remained
869 556 7 27 ;

55 603 27 32 it
103 614 64 21 was
188 615 75 31 very
284 604 97 40 small,
399 604 55 32 but
479 604 23 32 it
526 604 102 32 would
650 604 109 32 vanish
782 604 26 32 if
826 608 51 28 not

55 664 132 33 utilized.
235 664 74 32 And
331 665 196 42 accordingly
541 665 53 32 the
613 665 123 32 Widow
759 665 118 42 Raynal

55 725 127 32 decided
205 737 84 30 upon
312 725 187 42 purchasing
523 725 52 32 the
602 725 145 42 goodwill
774 725 34 32 of
826 725 51 32 the

57 788 136 40 grocer's
209 787 138 31 business
364 787 166 42 belonging
550 792 32 26 to
605 787 52 31 the
680 799 107 19 corner
802 787 75 42 shop

56 861 47 20 we
118 849 80 32 have
215 849 157 32 described
394 849 32 31 in
448 849 51 31 the
515 849 113 41 village
645 848 33 31 of
694 849 42 31 St.
754 849 123 31 Martin.

57 911 46 31 To
128 910 39 31 do
192 910 69 40 this,
285 910 54 32 she
363 910 62 31 had
449 914 33 27 to
508 910 120 31 borrow
654 909 59 31 five
741 909 136 32 hundred

56 971 110 40 francs,
184 971 55 32 her
255 983 68 20 own
339 983 123 29 meagre
474 982 157 20 resources
649 975 54 26 not
728 971 148 40 sufficing,

56 1044 35 20 so
108 1033 53 31 she
177 1033 101 40 began
302 1032 54 32 her
378 1044 70 19 new
463 1032 138 31 business
618 1031 73 32 with
707 1031 55 32 her
776 1031 101 32 future

55 1094 109 42 profits
189 1093 133 42 already,
347 1098 32 27 to
407 1105 18 19 a
451 1093 115 31 certain
593 1093 119 40 degree,
738 1092 139 41 pledged.

56 1155 165 40 However,
250 1155 52 32 the
331 1155 48 32 old
404 1154 125 41 activity
554 1154 165 40 re-awoke,
752 1154 67 40 and,
847 1158 30 27 at

55 1217 54 32 the
132 1216 61 33 end
214 1216 34 32 of
268 1227 18 21 a
309 1227 83 30 year,
418 1216 52 31 the
495 1215 110 31 widow
635 1226 63 19 was
729 1214 148 41 straining

55 1278 136 42 through
215 1277 55 33 her
291 1276 162 42 hardships
478 1276 61 32 and
561 1276 61 31 had
644 1275 73 41 paid
739 1275 67 31 half
824 1275 53 31 her

56 1340 83 31 debt.

100 1400 63 33 She
179 1398 61 33 had
256 1398 99 32 added
370 1403 33 27 to
418 1398 55 32 her
489 1408 136 30 grocery,
637 1396 61 31 and
714 1396 163 31 odds-and-

55 1463 77 32 ends
156 1460 88 33 trade
272 1459 51 42 (all
347 1459 103 41 things
474 1457 156 42 generally
648 1457 78 31 from
748 1458 129 32 woollen

55 1524 95 38 stuffs,
178 1521 241 41 writing-paper,
452 1519 60 32 and
541 1519 156 31 fireworks
728 1519 89 32 down
846 1524 31 27 to
