1090 1740
150 108 52 26 196

380 117 82 21 LOVE
486 117 63 21 THE
572 115 162 23 AVENGER.

149 203 51 21 are
230 192 92 34 fewer
345 193 74 33 than
443 206 47 20 we
516 194 80 32 have
623 205 61 31 any
711 192 106 32 notion
846 190 34 33 of
907 189 69 33 who

149 254 221 44 unflinchingly
385 257 60 31 and
465 256 196 42 thoroughly,
679 254 61 33 and
762 258 33 29 at
817 253 54 33 the
893 264 83 21 same

150 315 73 32 time
240 317 119 42 simply,
379 318 158 41 discharge
553 318 53 32 the
623 318 76 41 duty
715 315 101 32 which
839 314 26 33 is
881 314 95 33 theirs

149 381 33 28 to
198 377 37 32 be
252 377 77 33 done
342 391 6 20 :
373 378 95 33 theirs
491 379 61 32 and
576 391 80 20 none
683 378 103 32 others
798 391 7 28 ;
831 375 145 44 specially

149 443 47 27 set
212 439 89 32 down
317 440 45 32 for
377 441 93 40 them,
489 445 54 28 not
564 445 33 28 to
621 441 37 31 be
683 438 228 43 accomplished
933 438 42 42 by

149 512 61 30 any
235 513 56 21 one
321 502 70 41 else,
425 502 60 32 and
512 502 99 32 which
639 507 31 27 to
695 502 86 32 them
814 504 83 29 costs
923 498 52 32 the

150 562 120 32 dearest
270 582 42 3 —
314 568 80 27 costs
418 563 110 33 indeed
551 575 34 21 so
608 563 73 33 dear
702 563 68 32 that
792 562 74 42 they
883 559 92 34 recoil

149 623 59 32 and
225 623 59 32 will
300 629 54 27 not
370 635 60 30 pay
446 623 67 33 that
528 624 83 41 price
624 625 7 31 !

191 684 58 33 We
281 684 78 33 have
391 685 64 32 said
486 685 67 32 that
583 685 86 32 there
701 697 65 20 was
799 684 175 41 something

149 757 77 21 even
248 746 32 31 in
298 745 123 41 Olivier,
439 746 30 32 in
493 746 78 43 spite
588 745 34 33 of
640 746 41 32 all
696 745 53 33 the
766 745 116 33 defects
898 745 74 31 Avith

149 806 99 32 Avhich
275 806 46 33 his
345 807 158 32 education
527 807 61 32 had
604 807 87 32 laden
707 806 72 33 him.
828 806 63 32 But
905 806 69 32 that

149 867 181 43 something,
364 868 50 31 did
446 868 100 32 Claire
579 868 139 31 discover
749 868 24 31 it
784 868 13 31 ?
835 867 52 32 did
919 866 55 33 she

149 932 156 41 recognise
332 932 68 32 that
424 932 23 32 it
462 944 63 20 was
548 932 97 42 really
660 932 86 31 there
756 933 14 31 ?
794 931 102 32 Avould
920 931 54 32 she

149 993 77 32 have
243 993 77 32 been
335 993 140 42 gratified
502 998 33 27 at
557 993 39 32 its
613 993 163 40 existence,
795 1004 33 20 or
845 993 51 31 did
921 992 53 33 she

150 1054 214 42 involuntarily
395 1054 119 32 cherish
545 1054 51 33 the
627 1054 105 32 notion
763 1054 35 32 of
816 1054 56 33 her
902 1054 72 33 hus-

149 1115 105 32 band's
281 1115 193 43 inferiority?
519 1115 75 33 This
613 1127 64 21 was
703 1116 128 32 difficult
856 1120 33 28 to
911 1116 62 32 find

149 1180 61 36 out,
228 1176 59 32 and
303 1176 50 32 the
370 1188 55 20 one
441 1188 72 21 man
528 1177 68 32 who
613 1189 63 20 was
694 1177 140 32 Olivier's
857 1177 116 32 sincere

149 1237 105 41 friend,
272 1237 69 32 who
357 1238 62 31 had
433 1238 78 32 been
535 1250 33 20 so
585 1238 77 32 from
679 1239 174 41 childhood,
872 1240 102 32 Count

150 1300 126 41 Dupont
292 1299 36 31 de
344 1299 142 42 Laporte,
511 1299 118 43 though
652 1300 39 32 he
715 1312 86 30 grew
825 1307 32 26 to
873 1302 38 31 be
935 1314 38 20 on

150 1365 93 26 terms
268 1360 35 31 of
320 1365 88 37 great
430 1361 146 42 intimacy
591 1361 76 32 with
691 1362 53 32 the
771 1374 105 30 young
892 1363 82 32 Mar-

150 1421 94 42 quise,
262 1422 154 32 somehow
438 1435 96 20 never
557 1424 89 31 cared
662 1429 32 26 to
711 1424 208 33 demonstrate
942 1430 32 27 to

150 1482 54 31 her
226 1482 66 32 that
316 1484 86 32 there
426 1485 100 41 might
541 1485 38 32 be
595 1496 87 21 more
699 1485 30 32 in
754 1485 56 33 her
833 1486 141 32 husband

149 1542 72 32 than
238 1544 53 32 she
307 1545 97 32 kneAV.
