1090 1740
398 116 120 21 EASTER
541 116 134 21 SUNDAY.

892 112 50 26 215

127 190 55 32 but
207 197 54 26 not
286 192 30 31 in
340 192 52 32 the
418 205 83 20 same
520 205 67 30 way
598 208 7 26 ;
628 198 53 27 not
697 193 102 32 ruined
818 194 128 32 without

127 252 148 43 knowing
290 253 23 32 it
314 274 44 2 —
358 254 99 42 sillily.
503 255 70 31 You
590 255 84 31 don't
685 255 73 32 hear
774 255 32 31 of
816 255 128 31 families

128 314 97 42 going
240 315 122 40 abroad,
380 315 142 41 because,
541 316 163 41 somehow,
721 316 23 31 it
765 328 97 19 seems
877 316 68 32 that

127 374 74 43 they
218 375 81 31 lived
314 376 121 42 beyond
450 376 79 32 their
544 388 112 20 means.
703 377 30 30 A
753 377 192 31 Frenchman

127 436 71 32 who
222 436 54 32 has
303 437 110 41 hardly
437 449 59 29 any
520 449 106 20 means
650 442 31 27 at
707 438 41 31 all
773 438 172 32 sometimes

129 498 170 41 speculates
314 498 122 42 beyond
452 498 46 32 his
521 499 199 40 intelligence,
741 500 60 30 and
825 499 120 41 beyond

128 558 47 32 his
192 559 72 32 luck
273 573 7 27 ;
303 560 56 31 but
375 559 26 31 if
413 560 37 31 he
467 560 78 31 have
561 560 84 41 large
661 572 115 28 means,
794 561 152 41 regularly

126 625 33 26 to
176 620 37 32 be
230 620 142 42 disposed
388 621 37 39 of,
444 621 38 31 he
499 621 116 31 seldom
628 621 76 31 lives
716 621 119 41 beyond
850 621 93 32 them.

127 682 44 32 Of
190 694 107 20 course
325 683 15 31 I
371 683 94 41 speak
496 683 33 31 of
556 683 51 31 the
638 683 84 41 large
748 683 141 41 majority
916 682 33 32 of

126 743 140 40 families,
295 743 61 32 and
381 743 42 42 by
448 755 17 20 a
490 743 105 41 family
618 743 16 31 I
659 755 89 20 mean
772 755 18 20 a
816 743 130 32 married

126 816 74 20 man
224 804 75 32 Avith
324 804 47 31 his
402 804 77 32 wife.
538 804 184 32 Unmarried
748 815 69 20 men
844 804 101 31 Avould

128 877 92 28 seem,
247 865 32 32 in
309 865 121 32 French
460 865 149 41 morality,
640 870 32 26 to
710 865 37 31 be
777 865 168 31 accounted

127 926 214 43 irresponsible
353 940 6 27 ;
377 926 40 32 all
430 937 126 21 manner
572 926 34 31 of
616 926 95 32 follies
724 926 59 31 and
799 926 146 32 mistakes

128 1000 51 20 are
196 987 150 43 expected
361 987 77 32 from
453 987 92 40 them,
562 986 100 32 which
681 999 100 20 comes
796 987 77 32 from
891 987 53 32 the

128 1049 174 42 separation
319 1048 33 32 of
370 1048 51 32 life
444 1048 64 32 into
530 1053 61 27 two
607 1053 93 37 parts,
702 1067 43 3 —
747 1059 55 21 one
817 1048 128 42 reputed

126 1112 141 42 pleasant
303 1110 54 31 but
391 1114 55 27 not
480 1109 104 40 moral,
616 1109 51 32 the
699 1109 87 32 other
818 1110 125 41 reputed

126 1172 98 33 moral
249 1172 55 31 but
329 1171 114 42 having
469 1183 39 19 no
535 1183 161 30 necessary
719 1171 83 42 right
827 1176 32 26 to
883 1183 60 30 any

126 1234 150 41 pleasure.

170 1294 133 41 Barring
326 1293 168 31 individual
521 1292 174 42 exceptions
702 1312 43 3 —
752 1292 33 32 of
803 1292 97 32 which
926 1305 17 20 a

126 1356 86 40 large
227 1355 130 31 number
374 1366 52 20 are
448 1358 32 27 to
503 1354 38 31 be
557 1353 92 31 found
671 1357 32 27 to
727 1364 91 31 every
834 1353 63 32 rule
913 1354 30 30 in

126 1429 94 30 every
236 1416 72 32 land
308 1435 44 3 —
352 1414 52 33 the
419 1415 84 41 large
524 1426 82 20 mass
630 1414 32 31 of
681 1414 119 31 French
816 1414 127 32 families

125 1479 75 32 with
226 1489 107 21 means
359 1477 130 40 verging
516 1488 38 19 on
581 1475 119 38 wealth,
727 1474 59 32 live
816 1475 29 31 in
872 1487 71 20 con-

125 1541 111 31 ditions
253 1539 35 33 of
306 1538 96 33 moral
422 1537 227 42 respectability
664 1537 174 42 surpassing
860 1537 83 32 what
