1090 1740
300 101 60 21 OUT
383 101 42 22 ON
447 103 64 20 THE
533 103 92 21 ROAD.

838 100 34 26 45

97 174 173 34 Madeleine
300 177 139 41 listened,
471 178 100 33 raised
613 179 54 32 her
697 179 88 42 head,
813 181 60 31 and

56 238 122 31 seemed
193 243 32 27 to
241 239 38 32 be
294 239 132 33 recalled
441 244 32 28 to
490 240 101 32 action
607 241 41 42 by
658 253 83 20 some
757 242 116 32 sudden

56 298 180 43 inspiration
253 311 32 21 or
299 300 89 42 hope.

100 360 66 33 The
190 361 60 32 bell
273 373 78 31 rang
377 374 49 21 on.
481 363 29 31 It
526 374 63 21 was
611 363 52 32 the
686 363 61 32 bell
770 369 30 26 at
822 364 51 32 the

57 421 139 33 Chateau
212 422 37 32 de
267 424 191 32 Sauveterre.
506 424 54 33 Six
588 425 125 32 o'clock.
758 426 30 31 It
811 438 62 20 was

55 482 53 33 the
126 483 138 43 dressing
278 485 62 32 bell
351 498 7 28 ;
382 485 108 32 dinner
503 497 63 20 was
582 486 170 42 invariably
765 487 108 32 served

56 549 32 27 at
124 544 150 44 half-past
304 547 54 33 six.
420 548 63 32 But
513 548 25 32 if
572 548 107 32 dinner
709 560 63 20 was
802 548 71 33 thus

56 605 144 33 heralded
234 607 40 40 in,
307 608 54 31 the
394 613 115 28 master
541 609 34 32 of
601 609 52 32 the
685 609 94 32 house
812 620 61 21 was

56 666 61 32 still
150 667 96 33 there.
293 669 131 42 Twenty
455 670 142 32 minutes'
631 674 83 28 stout
740 670 133 41 walking

56 728 101 31 would
185 729 92 41 bring
314 741 118 30 anyone
456 730 77 32 from
558 730 44 33 St.
632 730 114 32 Martin
768 735 32 27 to
823 730 50 32 the

56 789 78 31 back
161 794 151 36 entrance,
338 791 60 31 and
423 802 113 30 among
555 791 53 32 the
635 791 161 31 domestics
822 790 51 32 the

57 850 125 31 Widow
197 851 119 40 Raynal
332 851 61 31 had
409 851 132 31 counted
556 851 122 32 friends.

103 910 172 32 Madeleine
300 923 67 20 rose
382 916 32 27 to
430 911 54 32 her
499 911 70 40 feet,
589 911 154 41 shivering
766 915 31 28 to
821 910 53 32 her

58 984 75 28 very
149 972 95 31 bones
260 972 74 32 with
350 972 77 40 cold,
446 972 65 31 stiff
523 971 71 32 with
610 976 69 27 wet.

134 1032 32 31 If
177 1033 16 31 I
208 1045 80 20 were
303 1037 32 27 to
349 1037 50 37 try
415 1033 52 31 the
484 1033 103 31 Baron
599 1034 14 30 ?
659 1031 175 33 murmured
857 1043 17 20 a

56 1093 87 31 voice
155 1093 104 31 within
275 1093 62 31 her.

99 1154 106 32 About
229 1166 39 20 an
299 1154 77 32 hour
400 1154 59 31 and
484 1165 18 20 a
528 1153 67 31 half
617 1153 83 40 later,
718 1152 89 32 when
822 1152 52 32 the

56 1216 123 32 Widow
191 1215 128 42 Raynal'
324 1227 13 20 s
354 1215 150 41 daughter
520 1214 96 41 stood,
635 1213 157 41 shrinking
815 1213 59 31 and

56 1277 188 42 shuddering
259 1277 30 32 in
304 1277 53 32 the
373 1276 148 33 vestibule
547 1276 33 31 of
598 1275 54 32 the
677 1274 138 32 Chateau
838 1274 36 32 de

56 1339 191 40 Sauveterre,
273 1338 55 32 her
352 1338 57 40 old,
437 1349 75 30 grey
539 1336 95 32 shawl
648 1335 121 32 thrown
796 1335 78 31 back

56 1400 79 32 from
161 1399 55 33 her
247 1398 90 42 head,
361 1399 56 32 her
442 1398 67 32 hair
525 1397 134 33 brushed
688 1396 79 32 back
797 1395 77 32 from

55 1462 56 32 her
126 1461 140 42 temples,
285 1460 61 32 and
360 1459 54 33 the
430 1459 84 33 fever
529 1459 59 32 hue
605 1458 33 33 of
655 1462 90 36 want,
763 1457 111 32 excite-

56 1529 94 35 ment,
187 1523 60 33 and
287 1521 92 33 dread
409 1520 151 43 mantling
595 1520 55 32 her
684 1520 95 32 cheek
814 1519 59 33 and
