1090 1740
158 93 52 25 222

388 100 81 20 LOVE
493 99 64 21 THE
580 97 162 22 AVENGER.

156 176 74 32 And
242 181 51 38 yet
305 177 87 31 these
404 181 61 26 two
480 186 79 21 were
572 186 40 19 no
624 186 109 20 nearer
744 174 7 31 !
784 173 37 32 In
834 172 67 33 that
915 171 73 43 holy

157 238 84 32 Avord
257 237 195 33 communion
468 236 62 32 had
544 236 76 41 they
635 235 96 32 found
746 246 40 20 no
803 235 115 42 import
927 235 14 31 ?

200 299 44 33 Of
270 299 41 33 M.
337 299 38 31 de
400 298 185 32 Beauvoisin
612 310 40 19 no
684 297 167 42 complaint
877 295 110 33 should

155 362 38 31 be
210 362 97 31 made.
355 360 51 33 He
425 360 62 32 had
502 360 78 32 been
603 360 117 41 drilled,
739 364 54 28 not
815 359 151 33 educated
978 372 6 27 ;

154 421 268 45 premeditatively
461 422 156 32 darkened
658 423 43 41 by
731 422 48 32 his
817 421 169 42 trembling

155 485 187 39 instructors,
364 484 61 31 and
441 488 68 27 sent
533 484 81 31 forth
638 484 63 31 into
727 484 53 31 the
796 484 96 31 world
909 483 76 32 with

154 558 19 19 a
204 546 70 31 shut
304 546 74 31 soul.
436 546 61 31 But
525 545 100 32 Claire
639 547 13 30 ?
709 546 75 31 Alas
796 547 7 31 !
836 545 55 32 she
922 545 62 32 had

154 608 77 32 been
256 620 32 19 so
312 608 77 31 little
410 607 76 31 used
509 612 32 27 to
564 607 118 32 believe
706 608 68 31 that
790 608 52 32 the
862 608 68 32 love
954 608 33 32 of

148 669 56 33 the
222 669 112 32 inmost
349 669 88 32 heart
453 669 97 41 ought
574 675 32 26 to
632 669 72 32 bind
731 681 72 20 man
825 669 61 33 and
913 669 69 33 Avife

153 730 141 42 together
308 744 6 27 ;
331 730 69 32 that
415 730 138 32 wedlock
574 730 131 32 Avithout
720 730 61 33 this
798 731 68 32 love
884 731 99 42 ought

153 796 30 27 to
207 791 74 32 bear
308 791 128 32 another
461 791 61 32 and
552 803 19 20 a
602 803 74 30 very
703 791 141 33 different
867 803 94 21 name
974 805 7 27 ;

152 853 66 32 that
243 852 53 33 she
320 852 88 32 could
433 852 91 33 kneel
547 857 32 28 at
605 852 52 33 the
681 853 104 32 altar's
810 853 74 41 foot,
911 854 69 38 and,

154 914 72 32 Avith
258 914 39 32 all
326 914 54 32 the
418 919 96 38 wrapt
545 915 85 42 piety
662 915 34 31 of
723 927 17 19 a
772 916 117 32 sincere
922 917 60 31 and

154 976 107 31 ardent
288 976 151 40 Catholic,
467 988 162 19 commune
653 977 73 31 with
751 978 55 32 her
831 979 80 40 God,
932 984 51 37 yet

153 1039 86 32 leave
262 1039 135 31 uncared
420 1039 47 32 for
487 1039 54 32 the
562 1051 84 30 poor,
664 1040 165 42 untaught,
848 1041 134 42 groping

152 1100 66 32 soul
234 1100 34 32 of
289 1100 52 32 the
357 1112 71 20 man
446 1100 67 33 who
530 1101 85 32 knelt
635 1102 105 32 beside
757 1103 63 40 her,
839 1103 61 31 and
916 1115 64 20 was

151 1162 56 30 her
221 1162 150 30 husband.

196 1224 63 31 Yet
274 1222 31 32 in
325 1222 51 33 the
400 1223 95 32 world
519 1224 33 31 of
563 1225 88 31 Paris
668 1226 118 32 Olivier
802 1227 60 31 and
880 1227 100 33 Claire

154 1296 80 20 were
250 1284 149 42 regarded
415 1296 33 20 as
464 1296 19 20 a
494 1289 122 38 pattern
634 1287 117 40 couple.

199 1346 44 31 As
273 1345 75 43 they
373 1358 80 20 Avere
480 1348 138 41 crossing
648 1349 53 31 the
729 1354 95 28 street
845 1351 136 42 opening

153 1405 64 32 into
233 1406 52 32 the
309 1418 109 30 square
439 1407 135 32 wherein
596 1410 104 32 stands
716 1410 52 33 the
785 1411 125 42 church,
928 1412 53 32 the

153 1477 105 31 young
287 1468 155 41 Marquise
475 1468 149 33 observed
659 1482 19 20 a
707 1483 82 29 man,
823 1472 70 32 who
920 1473 61 32 had

155 1527 127 42 stopped
297 1527 46 32 for
370 1540 38 19 an
433 1529 114 31 instant
571 1542 38 19 on
631 1531 53 32 the
700 1538 168 35 pavement
884 1546 97 30 oppo-
