1090 1740
180 111 51 27 140

417 118 81 20 LOVE
522 117 64 21 THE
609 115 160 23 AVENGER.

225 195 126 32 Science
368 194 60 32 and
445 194 128 42 Charity
590 205 51 20 are
657 204 56 20 our
733 191 71 42 only
817 190 172 42 helpmates
1001 201 8 28 ;

178 277 43 2 —
223 262 53 26 not
293 256 51 32 the
360 256 73 32 bare
450 256 119 32 science
583 255 34 32 of
629 253 152 41 statistics,
793 252 68 32 that
878 250 132 33 satisfies

178 323 104 38 empty
298 317 96 33 heads
407 317 74 33 with
497 317 53 32 the
565 328 84 21 mere
663 315 175 33 arithmetic
856 313 34 32 of
903 313 105 32 demo-

178 380 157 32 ralisation
347 394 7 28 ;
385 392 55 19 nor
456 379 51 32 the
527 379 74 32 bare
618 379 118 42 charity
753 378 35 32 of
808 376 198 42 almsgiving,

178 445 67 32 that
261 445 131 32 satisfies
416 450 105 37 empty
537 444 104 33 hearts
664 449 32 27 at
717 443 53 32 the
786 454 85 20 mere
895 445 67 28 cost
978 439 34 33 of

177 507 70 32 coin
249 527 41 3 —
291 507 56 32 but
370 507 52 31 the
446 507 126 32 Science
591 506 99 32 which
712 505 127 33 teaches
856 504 73 42 Avhy
946 503 62 32 and

178 569 169 32 Avherefore
378 569 70 31 Evil
480 569 25 31 is
532 568 137 32 resorted
700 572 32 27 to
763 579 34 20 as
828 579 18 20 a
877 566 108 42 refuge
1000 578 6 28 ;

176 631 62 31 and
269 630 52 32 the
345 630 128 41 Charity
495 628 100 33 which
626 628 152 32 furnishes
808 628 54 31 the
898 638 109 21 means

176 692 47 31 for
246 691 163 41 achieving
439 703 18 19 a
486 691 110 41 larger,
630 695 141 36 stronger
803 690 142 42 capacity
977 689 35 32 of

177 752 88 31 good.

175 778 19 15 £_•

221 814 171 31 Madeleine
409 814 129 41 Raynal,
556 814 104 32 whom
675 825 47 20 Ave
743 814 80 31 have
848 814 61 31 last
934 825 72 20 seen

177 875 30 31 in
224 875 52 31 the
293 886 151 30 company
462 875 34 31 of
515 875 42 32 M.
576 875 37 31 de
630 875 176 41 Moranges,
825 886 72 29 Avas,
916 875 90 32 when

177 940 33 28 at
225 936 52 32 the
302 936 134 42 opening
459 936 35 32 of
513 936 62 32 this
599 936 61 32 tale
685 936 53 33 she
755 936 95 32 asked
866 936 45 32 for
934 936 73 42 help

177 997 77 32 from
270 997 54 32 the
341 998 101 31 Baron
460 997 37 32 de
515 997 192 40 Sauveterre,
727 997 118 43 utterly
861 997 144 43 helpless.

177 1058 73 32 This
278 1059 25 31 is
324 1070 18 20 a
367 1059 85 31 Avord
477 1059 83 31 often
582 1059 98 42 lisped
701 1063 54 27 out
774 1059 32 31 in
830 1059 54 31 the
903 1063 103 38 pretty

177 1120 143 42 parlance
337 1120 34 31 of
390 1132 55 19 our
461 1120 265 42 draAving-rooms,
745 1120 71 41 and,
834 1120 61 31 like
912 1132 95 30 many

177 1181 113 41 others,
308 1181 147 42 profaned
470 1181 42 42 by
527 1181 89 32 those
632 1181 69 32 Avho
724 1181 93 32 Ioioav
828 1181 133 42 nothing
977 1182 34 32 of

179 1244 53 31 the
257 1243 91 31 awful
376 1243 181 41 expression
581 1243 72 41 they
679 1255 50 20 are
755 1243 129 42 playing
909 1244 75 32 Avith
1000 1257 6 27 ;

178 1304 55 32 but
249 1304 69 31 AAdio
335 1315 113 29 among
470 1303 53 32 the
547 1304 102 31 croAvd
665 1316 47 20 Ave
735 1317 53 19 are
808 1305 200 32 accustomed

178 1372 32 25 to
227 1366 59 31 live
302 1365 74 32 Avith
392 1377 70 20 ever
485 1366 123 31 realises
624 1366 83 32 Avhat
731 1366 24 32 it
771 1366 24 32 is
812 1371 32 27 to
867 1366 39 33 be
923 1378 86 21 com-

179 1426 113 41 pletely
308 1426 139 41 helpless,
450 1445 44 3 —
495 1426 68 32 that
586 1427 34 39 is,
646 1427 129 32 Avithout
798 1427 96 33 bread
917 1428 91 32 Avhen

178 1488 119 40 hunger
323 1492 141 36 tortures,
497 1488 126 32 Avithout
653 1488 132 33 warmth
817 1489 90 32 Avhen
939 1490 71 32 cold

180 1548 119 40 numbs,
317 1548 130 33 without
464 1549 128 33 another
608 1549 115 33 human
740 1550 94 41 being
850 1563 39 19 on
906 1551 102 33 whom
