1090 1740
349 101 105 21 ALONE
479 102 36 20 IN
536 102 80 20 LIFE.

879 103 15 26 9

73 174 77 32 from
167 174 71 33 him.
285 175 46 32 To
347 176 85 32 these
457 176 53 32 she
534 177 97 32 added
647 178 52 32 the
716 179 132 41 produce
865 180 33 32 of

72 236 54 31 her
145 248 69 19 own
234 236 76 32 hard
330 237 116 42 labour,
471 239 60 31 and
554 251 70 20 now
646 240 59 31 and
728 240 74 32 then
824 252 69 31 per-

74 297 116 32 suaded
206 297 123 39 Claude,
346 298 64 32 into
426 300 162 42 accepting
603 301 60 31 odd
674 301 100 42 jobbs,
791 301 99 33 which

73 358 41 42 by
130 359 66 31 dint
211 359 35 31 of
257 364 147 37 entreaty,
424 361 60 31 and
498 361 52 32 the
572 367 114 27 esteem
708 362 109 43 people
833 362 61 32 had

73 419 46 32 for
142 419 54 32 her
220 421 148 42 industry,
399 422 53 32 she
477 422 143 32 obtained
645 423 46 32 for
716 423 71 33 him.
834 424 60 32 But

73 481 61 32 this
149 494 63 20 was
227 494 78 21 rare.
354 483 116 32 Claude
487 484 121 41 Raynal
624 484 110 32 looked
749 497 82 30 upon
846 485 47 32 his

73 543 68 31 wife
165 555 33 20 as
222 544 163 42 especially
401 544 166 42 appointed
593 545 42 42 by
650 546 188 32 Providence
861 550 33 28 to

73 604 72 31 take
176 615 68 21 care
276 604 34 32 of
336 604 72 33 him.
456 605 61 32 She
548 606 146 42 occupied
724 606 52 32 the
807 607 86 41 place

74 665 178 33 Protection
267 666 122 32 refused
404 671 32 27 to
452 667 49 31 fill-
515 667 31 31 in
570 666 46 32 his
633 667 83 42 early
732 667 85 42 days,
834 668 60 31 and

73 739 83 31 upon
176 728 55 32 her
250 728 39 32 he
305 729 204 41 persistently,
527 729 174 41 ruthlessly,
718 729 84 32 leant
816 729 78 31 until

72 789 52 32 the
149 790 59 41 day
223 790 91 32 when
338 791 25 31 it
384 791 125 41 pleased
531 790 53 32 the
607 790 163 42 Almighty
791 795 33 27 to
846 802 48 20 re-

73 863 91 19 move
179 851 65 31 him
259 851 78 33 from
352 851 62 32 this
431 851 95 32 earth.
565 851 141 41 Luckily,
724 851 93 31 about
832 856 62 26 two

73 924 90 30 years
187 913 102 32 before
312 913 53 31 the
395 913 108 41 period
533 917 31 27 at
594 912 100 32 which
725 924 55 20 our
810 917 84 37 story

75 985 103 30 opens,
208 973 117 32 Claude
349 973 118 41 Raynal
494 973 77 37 died,
592 973 61 31 and
653 992 43 3 —
696 972 47 32 his
762 972 69 33 wife
846 984 49 20 re-

73 1035 122 40 gretted
210 1034 64 31 him
288 1035 6 31 !

117 1096 64 32 Yes
192 1096 6 32 !
223 1095 116 32 Claude
362 1095 61 32 had
448 1095 78 32 been
542 1094 96 40 weak,
656 1094 77 42 lazy,
750 1099 144 36 ungrate-

73 1157 52 41 ful,
145 1157 116 32 useless
261 1177 44 2 —
305 1156 38 33 he
362 1156 60 32 had
439 1156 199 41 deliberately
654 1155 126 32 drained
795 1160 31 27 to
841 1155 53 31 the

73 1231 75 30 very
164 1219 91 42 dregs
279 1230 92 30 every
388 1229 139 21 resource
550 1217 101 31 which
670 1216 48 31 his
741 1216 153 41 helpmate

73 1281 62 31 had
150 1286 33 26 to
200 1280 120 42 dispose
337 1279 38 41 of,
393 1279 61 32 and
476 1278 61 33 had
558 1289 95 21 never
667 1277 136 32 thanked
818 1277 55 31 her
886 1289 7 28 ;

73 1342 38 31 he
128 1341 61 31 had
204 1340 89 32 made
309 1340 54 32 her
380 1339 95 33 entire
492 1339 152 32 existence
660 1349 58 20 one
740 1337 73 41 long
828 1348 66 20 suc-

74 1402 120 33 cession
221 1402 34 31 of
273 1402 121 31 various
422 1400 60 33 and
509 1399 169 41 unceasing
700 1398 63 40 toil,
792 1398 102 32 whilst

73 1465 39 32 he
135 1463 146 42 indulged
310 1463 32 30 in
371 1462 41 32 all
438 1462 54 31 the
520 1460 192 42 debauchery
735 1460 39 32 he
804 1460 89 32 could

74 1526 135 42 practise
225 1524 133 32 without
373 1523 106 42 falling
494 1522 98 32 under
605 1521 53 33 the
675 1521 100 32 clutch
793 1521 34 32 of
842 1521 52 33 the
