1090 1740
328 91 166 22 MONSIEUR
517 92 205 21 MARDONNET.

882 88 51 25 235

115 165 47 32 six
185 166 132 33 months.
363 168 31 31 It
418 180 63 20 was
507 168 141 32 between
672 168 85 32 three
784 168 60 31 and
870 168 65 31 four

115 227 126 33 o'clock.
288 229 30 31 A
334 229 70 42 ring
426 241 86 20 came
529 234 31 27 at
582 230 52 31 the
658 230 147 31 door-bell
806 249 42 3 —
849 234 54 27 not
918 241 17 20 a

115 289 72 32 loud
199 302 67 20 one.
326 291 92 32 Some
430 291 192 32 confounded
804 291 131 41 thought

115 351 193 33 Mardonnet.
363 352 59 31 His
452 352 215 42 housekeeper,
700 353 51 32 the
783 353 151 40 shuffling,

115 412 205 41 snuff-taking
347 413 49 31 old
412 425 120 19 woman
547 414 69 30 who
639 414 52 31 did
713 414 46 31 for
778 414 65 30 him
858 413 76 32 from

115 472 88 42 eight
228 474 117 31 o'clock
368 474 46 31 till
436 479 71 35 two,
524 486 64 19 was
613 486 89 29 gone,
720 474 60 31 and
806 474 39 31 he
871 486 62 19 was

115 533 97 33 alone.
259 535 31 30 A
317 535 113 31 second
452 535 70 40 ring
537 547 86 19 came
645 539 32 27 at
700 534 53 32 the
777 535 155 39 door-bell,

115 595 55 31 but
180 595 104 32 rather
293 595 114 33 louder.
449 596 184 31 Mardonnet
645 600 54 36 got
709 608 49 29 up,
772 595 160 39 hesitated,

115 655 110 32 looked
247 656 157 40 bothered,
425 657 143 31 reflected
591 656 67 32 that
681 656 146 31 creditors
850 667 84 20 came

115 717 113 41 mostly
244 717 31 31 in
290 718 52 31 the
359 718 108 31 earlier
481 722 70 37 part
567 717 33 31 of
616 717 52 31 the
685 717 68 41 day,
772 717 59 31 and
846 716 88 31 made

115 790 41 29 up
172 778 48 31 his
236 778 84 31 mind
341 783 32 27 to
395 790 86 30 open.
528 778 102 31 When
646 778 38 31 he
707 778 61 30 had
790 778 78 30 done
893 789 40 28 so,

116 838 48 32 his
180 839 99 31 whole
306 843 105 37 aspect
438 839 146 41 changed.
631 839 30 31 A
677 838 78 31 wide
780 838 99 41 gleam
907 838 28 31 of

118 904 213 28 contentment
346 900 117 41 lighted
478 912 40 29 up
534 900 47 31 his
597 899 109 41 vulgar
717 904 215 35 countenance,

117 961 60 31 and
193 960 192 40 exclaiming,
389 979 41 4 —

191 1021 156 31 Monsieur
370 1021 27 31 le
420 1021 137 41 Marquis
568 1021 6 31 !
621 1020 96 31 What
749 1032 39 19 an
817 1020 118 31 honour

115 1094 62 31 you
193 1083 39 31 do
248 1094 50 20 me
310 1083 7 32 !
394 1083 50 31 He
467 1082 138 31 retraced
627 1082 47 30 his
697 1086 91 36 steps,
812 1081 123 41 bowing

115 1144 193 43 profoundly,
342 1143 60 32 and
432 1143 145 41 ushering
606 1143 42 32 M.
681 1143 36 31 de
751 1143 182 31 Beauvoisin

115 1207 65 31 into
196 1206 46 31 his
260 1205 217 42 sitting-room,
489 1204 137 33 redolent
637 1204 74 32 with
727 1204 52 32 the
794 1204 98 32 fumes
905 1204 32 32 of

114 1268 137 31 tobacco.
300 1266 114 32 Olivier
426 1265 70 32 held
509 1270 53 27 out
577 1265 46 32 his
639 1265 89 37 hand,
740 1265 104 31 seated
856 1265 78 30 him-

115 1329 61 32 self
187 1329 31 31 in
234 1328 52 31 the
303 1339 58 20 one
383 1326 147 42 tolerably
546 1326 197 32 comfortable
759 1325 173 39 arm-chair,

115 1390 60 32 and
198 1389 185 31 Mardonnet
406 1387 126 42 bravely
548 1386 155 33 sacrificed
726 1397 18 20 a
761 1386 98 31 whole
882 1386 51 41 log

115 1452 34 32 of
159 1451 90 32 wood
261 1455 31 27 to
304 1450 91 31 make
410 1449 53 31 the
479 1448 55 32 fire
549 1447 146 41 brighter.

189 1513 15 31 I
230 1511 143 33 resolved
387 1511 16 31 I
419 1509 101 32 would
545 1521 60 30 pay
619 1520 61 31 you
695 1520 19 20 a
853 1520 78 21 com-
