1090 1740
349 96 60 21 OUT
433 96 33 21 IN
489 97 64 20 THE
577 97 66 21 SUN.

870 93 31 24 85

134 172 65 32 The
223 172 59 43 girl
305 172 108 32 looked
438 172 225 43 scrutinizingly
690 178 31 26 at
745 173 53 31 her
821 178 80 35 aunt,

91 233 110 32 almost
218 234 186 41 doubtingly.

164 295 70 31 You
256 299 82 27 must
360 299 53 27 not
435 294 102 32 desert
661 295 53 31 she
733 295 170 40 continued,

92 356 75 31 Avith
184 357 133 41 singular
333 368 122 30 energy.
534 356 70 31 You
626 356 92 32 know
740 369 76 29 your
833 357 72 31 hold

92 429 39 19 on
146 429 51 29 my
213 417 105 32 father.
365 417 70 31 You
450 421 83 27 must
555 429 85 19 come
656 421 31 27 to
704 429 50 29 my
770 418 58 40 aid,
847 418 58 31 and

91 481 129 37 prevent
254 476 60 32 this
576 477 72 31 And
676 477 146 42 lowering
852 478 53 31 her

91 538 94 41 voice,
214 538 60 31 and
302 538 171 42 fathoming
501 538 53 32 the
580 550 74 30 very
678 538 92 42 depth
796 538 33 31 of
853 538 52 32 her

91 601 101 30 aunt's
209 600 66 31 soul
290 599 75 32 with
380 599 54 32 her
450 611 80 30 eyes,
574 599 70 31 You
657 599 69 32 dare
739 604 54 26 not
808 599 97 32 refuse

183 660 52 32 she
251 660 183 32 murmured.

135 721 98 32 There
249 733 63 19 was
327 733 40 19 no
381 721 185 41 perceptible
582 721 116 41 change
719 721 30 31 in
765 721 141 31 Madame

92 782 206 31 Beaudouin's
314 781 55 32 fair
385 782 59 31 and
459 782 130 41 tranquil
601 782 64 31 face
676 795 8 27 ;
707 782 63 39 but,
787 781 119 42 putting

93 843 55 31 her
163 843 82 30 hand
261 854 40 19 on
317 842 125 31 Claire's
456 842 116 39 mouth,
575 861 44 4 —

309 902 64 31 said
389 902 61 40 she,
467 913 33 20 as
517 902 53 31 she
585 902 53 31 felt
654 902 81 31 what
745 914 18 19 a
771 913 134 31 memory

94 975 63 20 was
173 963 108 31 stirred
291 976 7 28 ;
323 962 60 32 and
404 962 82 41 then,
504 962 76 32 after
602 974 19 20 a
642 974 94 31 pause
759 963 34 31 of
812 974 19 20 a
849 963 56 31 few

94 1024 135 40 seconds,
278 1024 54 41 My
469 1023 53 32 she
546 1023 170 40 continued,
764 1023 52 32 the
839 1023 66 32 love

94 1085 33 31 of
146 1096 56 19 one
218 1083 115 32 human
355 1083 93 42 being
463 1083 45 32 for
530 1083 126 32 another
677 1084 26 31 is
725 1084 51 31 the
799 1084 106 32 holiest

91 1146 90 41 thing
207 1156 39 20 on
262 1143 93 33 earth.
400 1144 66 37 The
488 1156 82 20 mere
593 1145 128 31 absence
742 1145 34 31 of
798 1145 67 32 love
880 1145 25 31 is

93 1207 70 41 only
195 1218 17 20 a
241 1206 152 42 negation.
439 1206 38 31 In
507 1217 54 20 our
590 1206 82 41 time,
704 1206 60 32 and
793 1207 31 31 in
854 1218 51 20 our

92 1268 105 39 world,
213 1267 86 32 there
315 1267 24 31 is
353 1278 32 20 so
395 1267 79 31 little
490 1267 76 42 deep
583 1279 33 19 or
631 1272 67 26 true
708 1267 120 42 feeling,
840 1267 65 32 that

91 1329 132 42 perhaps
244 1328 23 31 it
290 1328 23 31 is
337 1327 134 42 scarcely
481 1327 165 42 justifiable
668 1331 32 27 to
722 1339 151 21 renounce
889 1340 16 19 a

91 1390 152 40 marriage
259 1389 129 31 because
403 1400 61 30 you
484 1388 90 42 fancy
590 1398 59 32 you
665 1388 38 31 do
718 1393 52 27 not
781 1394 51 37 yet
846 1389 58 32 like

91 1452 52 33 the
168 1450 140 33 husband
329 1449 159 42 proposed.
534 1450 36 30 In
588 1461 76 30 your
684 1461 78 29 case,
779 1450 125 42 darling,

91 1516 23 31 it
141 1515 25 31 is
189 1513 115 41 merely
327 1524 18 20 a
368 1511 138 43 question
529 1511 34 32 of
585 1511 106 32 dislike
703 1524 6 28 ;
763 1512 52 32 she
843 1524 61 21 saw
