1090 1740
358 109 41 21 LA
421 109 170 21 TRAVIATA.

843 105 52 26 123

76 184 144 33 trimmed
236 185 75 32 with
327 184 247 43 Alengon-point,
592 185 110 32 floated
725 186 98 32 round
843 186 53 32 her

75 246 184 41 cloud-like..
284 246 62 33 She
361 246 117 32 needed
492 247 130 42 nothing
636 248 131 41 beyond.
800 248 96 32 Gems

76 308 61 31 and
166 308 120 32 flowers
309 319 80 20 were
427 308 78 32 alike
536 309 199 41 superfluous,
767 309 46 32 for
843 309 53 32 she

75 368 118 32 herself
211 380 62 20 was
288 368 53 32 the
356 368 104 32 flower
476 369 61 31 and
552 369 53 32 the
620 382 80 28 gem.

120 430 146 32 Between
302 429 53 32 the
393 434 65 27 acts
489 430 34 32 of
555 431 53 31 the
646 443 100 30 opera,
774 432 121 32 visitors

75 492 155 41 thronged
259 491 64 32 into
347 492 142 32 Madame
522 493 37 32 de
582 493 210 32 Beauvoisin's
826 494 68 40 box,

75 552 47 31 for
139 552 124 33 Claire's
280 553 113 41 beauty
409 553 120 32 divided
551 554 52 32 the
626 554 149 32 attention
792 554 33 32 of
843 554 52 32 the

76 614 95 31 house
194 614 75 32 with
292 615 52 33 the
368 615 123 32 heroine
515 615 34 31 of
572 615 53 32 the
649 620 92 37 stage.
789 615 29 32 It
834 626 61 21 was

75 675 54 32 her
144 675 66 32 first
226 687 188 31 appearance
429 676 102 33 before
547 676 52 32 the
609 681 87 37 great
710 676 185 32 fashionable

75 736 103 42 public
194 737 82 32 since
292 737 55 32 her
362 742 105 27 return
483 742 32 27 to
526 737 94 40 Paris,
639 736 59 33 and
711 737 53 32 she
777 737 118 32 excited

73 809 34 21 as
123 798 93 32 much
232 799 145 40 curiosity
393 810 33 20 as
443 798 188 32 admiration.

120 860 102 32 Count
238 861 128 41 Dupont
382 860 39 32 de
443 860 144 42 Laporte,
605 859 71 32 who
698 859 61 32 had
777 870 119 21 accom-

76 920 113 43 panied
205 920 117 33 Olivier
338 921 61 31 and
415 920 46 32 his
477 920 69 32 wife
568 925 30 27 to
621 920 53 32 the
690 920 127 39 theatre,
835 931 61 21 was

76 982 149 42 occupied
239 982 32 31 in
288 982 173 41 ansAvering
477 981 125 32 Claire's
619 981 154 42 questions
788 980 108 32 touch-

74 1044 55 41 ing
162 1044 101 31 divers
298 1043 179 41 celebrities,
504 1042 69 32 who
599 1054 81 20 were
704 1047 32 26 to
766 1042 37 31 be
838 1042 58 31 dis-

74 1105 121 39 cerned,
213 1104 140 32 Avhether
370 1105 31 30 in
418 1104 85 32 stalls
519 1116 33 19 or
565 1104 103 31 boxes.

370 1166 64 31 said
458 1165 63 38 she,
650 1165 68 31 that
740 1164 82 32 hand
837 1164 59 32 and

74 1239 66 20 arm
156 1227 112 41 belong
283 1232 42 27 to.
371 1226 88 32 Look
473 1240 6 26 ;
504 1226 31 31 in
557 1226 67 31 that
646 1226 61 31 box
717 1225 66 41 just
797 1225 32 31 in
844 1225 52 31 the

74 1287 148 32 direction
238 1287 35 32 of
283 1288 53 31 the
353 1292 87 35 stage
452 1288 104 31 boxes.
602 1286 70 31 You
688 1298 56 19 can
760 1285 71 42 only
846 1296 50 21 see

75 1360 41 20 an
131 1348 156 42 ungloved
303 1360 65 20 arm
385 1348 61 32 and
467 1348 83 31 hand
550 1367 43 3 —
594 1347 53 32 the
671 1346 117 32 curtain
803 1346 34 31 of
847 1346 49 31 the

73 1411 61 32 box
161 1421 106 21 covers
294 1409 54 32 the
371 1420 113 30 person
507 1408 75 41 they
612 1408 112 41 belong
749 1412 32 26 to
789 1427 43 3 —
840 1407 56 31 but

72 1465 86 32 there
190 1464 25 31 is
245 1476 19 19 a
294 1462 137 32 bracelet
462 1461 33 32 of
520 1461 103 32 rubies
650 1460 60 33 and
736 1460 157 33 diamonds

72 1538 84 30 upon
172 1526 53 32 the
241 1537 66 20 arm
323 1524 68 32 that
406 1524 25 31 is
448 1522 168 43 absolutely
