1090 1740
416 96 42 21 LA
480 96 169 21 TRAVIATA.

889 94 51 27 135

166 170 99 33 There
287 183 64 19 was
376 183 17 20 a
419 178 176 27 movement
621 173 31 31 in
673 173 51 32 the
748 175 109 41 crowd,
883 176 57 31 and

123 232 117 32 several
271 233 108 42 people
402 238 82 27 went
505 238 31 27 to
559 234 80 32 their
662 234 157 42 carriages.
866 235 73 32 This

122 294 133 41 brought
277 295 51 31 the
349 295 119 42 Sphinx
492 295 62 32 into
579 295 80 32 close
682 296 169 42 proximity
866 296 73 32 with

122 355 53 32 the
191 367 113 30 groups
320 355 106 33 below.

310 417 53 32 she
387 416 145 43 certainly
555 416 25 33 is
807 418 64 32 said
897 419 41 31 M.

123 477 37 32 de
176 477 189 40 Beauvoisin,
383 477 74 32 loud
473 477 121 41 enough
610 482 31 27 to
657 478 38 32 be
711 478 101 32 heard.

165 538 64 32 The
265 538 117 43 Sphinx
413 538 132 33 scanned
575 538 50 33 the
663 539 129 42 speaker
829 539 34 32 of
887 540 51 31 the

122 599 99 32 words
238 599 74 32 with
329 612 18 19 a
363 600 136 40 singular
514 600 79 32 look.

195 661 81 32 How
299 661 67 31 that
392 661 53 32 red
470 662 102 31 velvet
597 661 74 32 suits
808 662 39 32 he
872 674 68 20 con-

122 725 123 41 tinued;
370 725 25 32 is
412 725 142 42 superbly

198 786 97 32 What
319 786 151 42 aptitudes
486 798 61 30 you
569 798 72 20 men
657 787 34 32 of
710 799 54 20 our
788 787 57 43 day
862 787 78 32 have

124 848 47 32 for
187 847 152 42 millinery
355 847 60 32 and
428 847 224 42 dress-making
662 848 6 32 !
720 848 65 32 said
801 849 139 31 Madame

123 908 37 32 de
177 908 167 41 Varignan,
362 908 352 41 half-contemptuously.

166 969 66 32 The
256 968 139 42 swaying
411 968 35 32 of
467 968 52 32 the
540 968 102 32 crowd
665 968 132 42 brought
812 968 53 33 the
889 969 52 32 red

123 1030 102 32 velvet
247 1030 73 32 robe
340 1029 64 42 just
426 1041 69 20 now
510 1029 31 31 in
565 1035 121 27 contact
701 1029 73 33 with
797 1030 143 32 Madame

123 1091 37 32 de
183 1090 210 33 Beauvoisin's
416 1101 76 31 pure
511 1090 92 32 white
627 1090 92 33 dress.
767 1090 100 33 Claire
889 1091 52 32 did

122 1157 53 27 not
196 1152 84 32 draw
302 1152 87 40 back,
408 1163 34 21 or
464 1163 83 21 seem
570 1151 146 33 offended.
763 1152 99 32 There
878 1164 62 20 was

122 1226 39 19 no
180 1214 94 31 dread
290 1213 33 31 of
342 1213 238 32 contamination
596 1212 30 32 in
641 1212 55 32 her
711 1212 51 41 air,
779 1224 40 20 no
843 1224 96 28 scorn,

122 1287 57 19 nor
205 1275 154 41 curiosity,
384 1275 55 31 but
465 1274 52 32 the
541 1274 124 42 deepest
690 1273 189 43 compassion
909 1273 32 32 in

123 1337 54 31 the
194 1341 72 27 tone
282 1336 31 30 in
329 1336 108 40 which,
463 1336 126 41 turning
611 1335 54 31 her
687 1334 78 32 head
781 1334 89 38 aside,
888 1334 51 32 she

124 1397 67 32 said
194 1416 41 4 —

199 1458 82 30 Poor
297 1456 153 32 creature!

166 1520 74 31 Had
257 1520 54 31 the
328 1518 202 33 exclamation
546 1517 77 32 been
638 1517 91 32 heard
742 1519 14 30 ?
