<?xml version="1.0" encoding="UTF-8"?>
<alto xmlns:xsi="http://www.w3.org/2001/XMLSchema-instance" xsi:noNamespaceSchemaLocation="http://www.bl.uk/schemas/alto/alto-1-4.xsd" xmlns:xlink="http://www.w3.org/1999/xlink">
	<Description>
		<MeasurementUnit>mm10</MeasurementUnit>
		<sourceImageInformation>
			<fileName>//head1/IN/2007-46/A0010888503.1/009588.jp2</fileName>
		</sourceImageInformation>
		<OCRProcessing ID="OCRPROCESSING_1">
			<preProcessingStep>
				<processingSoftware>
					<softwareCreator>CCS Content Conversion Specialists GmbH, Germany</softwareCreator>
					<softwareName>CCS docWORKS</softwareName>
					<softwareVersion>6.1-0.61</softwareVersion>
				</processingSoftware>
			</preProcessingStep>
			<ocrProcessingStep>
				<processingSoftware>
					<softwareCreator>ABBYY (BIT Software), Russia</softwareCreator>
					<softwareName>Finereader</softwareName>
				</processingSoftware>
			</ocrProcessingStep>
		</OCRProcessing>
	</Description>
	<Styles>
		<TextStyle ID="TXT_0" FONTSIZE="11" FONTFAMILY="Courier New"/>
		<TextStyle ID="TXT_1" FONTSIZE="10" FONTFAMILY="Courier New"/>
		<ParagraphStyle ID="PAR_LEFT" ALIGN="Left"/>
		<ParagraphStyle ID="PAR_CENTER" ALIGN="Center"/>
	</Styles>
	<Layout>
		<Page ID="P52" PHYSICAL_IMG_NR="52" HEIGHT="1740" WIDTH="1090" PRINTED_IMG_NR="40" POSITION="Left" ACCURACY="73.49">
			<TopMargin ID="P52_TM00001" HPOS="0" VPOS="0" WIDTH="1089" HEIGHT="115">
				<TextBlock ID="P52_TB00001" HPOS="142" VPOS="88" WIDTH="34" HEIGHT="26" STYLEREFS="TXT_0 PAR_LEFT">
					<TextLine ID="P52_TL00001" HPOS="142" VPOS="88" WIDTH="34" HEIGHT="26">
						<String ID="P52_ST00001" HPOS="142" VPOS="88" WIDTH="34" HEIGHT="26" CONTENT="40" WC="1.00" CC="00"/>
					</TextLine>
				</TextBlock>
				<TextBlock ID="P52_TB00002" HPOS="377" VPOS="91" WIDTH="353" HEIGHT="24" STYLEREFS="TXT_1 PAR_CENTER">
					<TextLine ID="P52_TL00002" HPOS="378" VPOS="91" WIDTH="352" HEIGHT="24">
						<String ID="P52_ST00002" HPOS="378" VPOS="95" WIDTH="82" HEIGHT="20" CONTENT="LOVE" WC="0.46" CC="4097"/>
						<SP ID="P52_SP00001" HPOS="460" VPOS="115" WIDTH="23"/>
						<String ID="P52_ST00003" HPOS="483" VPOS="94" WIDTH="64" HEIGHT="21" CONTENT="THE" WC="0.58" CC="065"/>
						<SP ID="P52_SP00002" HPOS="547" VPOS="115" WIDTH="23"/>
						<String ID="P52_ST00004" HPOS="570" VPOS="91" WIDTH="160" HEIGHT="23" CONTENT="AVENGER." WC="0.72" CC="00007680"/>
					</TextLine>
				</TextBlock>
			</TopMargin>
			<LeftMargin ID="P52_LM00001" HPOS="0" VPOS="115" WIDTH="142" HEIGHT="1447"/>
			<RightMargin ID="P52_RM00001" HPOS="975" VPOS="115" WIDTH="114" HEIGHT="1447"/>
			<BottomMargin ID="P52_BM00001" HPOS="0" VPOS="1562" WIDTH="1089" HEIGHT="177"/>
			<PrintSpace ID="P52_PS00001" HPOS="142" VPOS="115" WIDTH="833" HEIGHT="1447">
				<TextBlock ID="P52_TB00003" HPOS="143" VPOS="164" WIDTH="832" HEIGHT="785" STYLEREFS="TXT_1 PAR_LEFT">
					<TextLine ID="P52_TL00003" HPOS="145" VPOS="164" WIDTH="827" HEIGHT="48">
						<String ID="P52_ST00005" HPOS="145" VPOS="171" WIDTH="54" HEIGHT="32" CONTENT="her" WC="0.56" CC="705"/>
						<SP ID="P52_SP00003" HPOS="199" VPOS="203" WIDTH="16"/>
						<String ID="P52_ST00006" HPOS="215" VPOS="171" WIDTH="45" HEIGHT="32" CONTENT="for" WC="0.81" CC="005"/>
						<SP ID="P52_SP00004" HPOS="260" VPOS="203" WIDTH="22"/>
						<String ID="P52_ST00007" HPOS="282" VPOS="171" WIDTH="86" HEIGHT="33" CONTENT="three" WC="0.72" CC="07600"/>
						<SP ID="P52_SP00005" HPOS="368" VPOS="204" WIDTH="25"/>
						<String ID="P52_ST00008" HPOS="393" VPOS="184" WIDTH="34" HEIGHT="20" CONTENT="or" WC="0.56" CC="17"/>
						<SP ID="P52_SP00006" HPOS="427" VPOS="204" WIDTH="23"/>
						<String ID="P52_ST00009" HPOS="450" VPOS="171" WIDTH="68" HEIGHT="32" CONTENT="four" WC="0.48" CC="0964"/>
						<SP ID="P52_SP00007" HPOS="518" VPOS="204" WIDTH="23"/>
						<String ID="P52_ST00010" HPOS="541" VPOS="170" WIDTH="84" HEIGHT="42" CONTENT="days," WC="0.89" CC="00040"/>
						<SP ID="P52_SP00008" HPOS="625" VPOS="212" WIDTH="19"/>
						<String ID="P52_ST00011" HPOS="644" VPOS="180" WIDTH="55" HEIGHT="31" CONTENT="say" WC="0.79" CC="600"/>
						<SP ID="P52_SP00009" HPOS="699" VPOS="212" WIDTH="15"/>
						<String ID="P52_ST00012" HPOS="714" VPOS="180" WIDTH="19" HEIGHT="20" CONTENT="a" WC="1.00" CC="0"/>
						<SP ID="P52_SP00010" HPOS="733" VPOS="212" WIDTH="21"/>
						<String ID="P52_ST00013" HPOS="754" VPOS="166" WIDTH="97" HEIGHT="40" CONTENT="week," WC="0.94" CC="00030"/>
						<SP ID="P52_SP00011" HPOS="851" VPOS="212" WIDTH="19"/>
						<String ID="P52_ST00014" HPOS="870" VPOS="164" WIDTH="102" HEIGHT="32" CONTENT="where" WC="0.53" CC="27075"/>
					</TextLine>
					<TextLine ID="P52_TL00004" HPOS="147" VPOS="225" WIDTH="825" HEIGHT="50">
						<String ID="P52_ST00015" HPOS="147" VPOS="233" WIDTH="107" HEIGHT="32" CONTENT="should" WC="0.61" CC="574500"/>
						<SP ID="P52_SP00012" HPOS="254" VPOS="265" WIDTH="25"/>
						<String ID="P52_ST00016" HPOS="279" VPOS="233" WIDTH="53" HEIGHT="32" CONTENT="she" WC="0.54" CC="570"/>
						<SP ID="P52_SP00013" HPOS="332" VPOS="265" WIDTH="26"/>
						<String ID="P52_ST00017" HPOS="358" VPOS="244" WIDTH="40" HEIGHT="31" CONTENT="go" WC="0.46" CC="91"/>
						<SP ID="P52_SP00014" HPOS="398" VPOS="275" WIDTH="24"/>
						<String ID="P52_ST00018" HPOS="422" VPOS="232" WIDTH="73" HEIGHT="33" CONTENT="then" WC="0.60" CC="1707"/>
						<SP ID="P52_SP00015" HPOS="495" VPOS="275" WIDTH="10"/>
						<String ID="P52_ST00019" HPOS="505" VPOS="233" WIDTH="14" HEIGHT="31" CONTENT="?" WC="1.00" CC="0"/>
						<SP ID="P52_SP00016" HPOS="519" VPOS="275" WIDTH="46"/>
						<String ID="P52_ST00020" HPOS="565" VPOS="231" WIDTH="61" HEIGHT="33" CONTENT="She" WC="0.54" CC="670"/>
						<SP ID="P52_SP00017" HPOS="626" VPOS="275" WIDTH="23"/>
						<String ID="P52_ST00021" HPOS="649" VPOS="230" WIDTH="53" HEIGHT="32" CONTENT="did" WC="0.78" CC="060"/>
						<SP ID="P52_SP00018" HPOS="702" VPOS="275" WIDTH="20"/>
						<String ID="P52_ST00022" HPOS="722" VPOS="233" WIDTH="55" HEIGHT="28" CONTENT="not" WC="0.75" CC="700"/>
						<SP ID="P52_SP00019" HPOS="777" VPOS="275" WIDTH="16"/>
						<String ID="P52_ST00023" HPOS="793" VPOS="228" WIDTH="72" HEIGHT="32" CONTENT="dare" WC="0.85" CC="0050"/>
						<SP ID="P52_SP00020" HPOS="865" VPOS="275" WIDTH="17"/>
						<String ID="P52_ST00024" HPOS="882" VPOS="225" WIDTH="90" HEIGHT="34" CONTENT="think" WC="0.65" CC="07251"/>
					</TextLine>
					<TextLine ID="P52_TL00005" HPOS="146" VPOS="288" WIDTH="826" HEIGHT="49">
						<String ID="P52_ST00025" HPOS="146" VPOS="294" WIDTH="35" HEIGHT="33" CONTENT="of" WC="0.84" CC="30"/>
						<SP ID="P52_SP00021" HPOS="181" VPOS="327" WIDTH="17"/>
						<String ID="P52_ST00026" HPOS="198" VPOS="294" WIDTH="94" HEIGHT="43" CONTENT="going" WC="0.76" CC="01450"/>
						<SP ID="P52_SP00022" HPOS="292" VPOS="337" WIDTH="20"/>
						<String ID="P52_ST00027" HPOS="312" VPOS="294" WIDTH="79" HEIGHT="33" CONTENT="back" WC="0.84" CC="6000"/>
						<SP ID="P52_SP00023" HPOS="391" VPOS="337" WIDTH="21"/>
						<String ID="P52_ST00028" HPOS="412" VPOS="299" WIDTH="32" HEIGHT="27" CONTENT="to" WC="0.73" CC="50"/>
						<SP ID="P52_SP00024" HPOS="444" VPOS="337" WIDTH="25"/>
						<String ID="P52_ST00029" HPOS="469" VPOS="293" WIDTH="122" HEIGHT="33" CONTENT="Mother" WC="0.86" CC="000700"/>
						<SP ID="P52_SP00025" HPOS="591" VPOS="337" WIDTH="16"/>
						<String ID="P52_ST00030" HPOS="607" VPOS="291" WIDTH="144" HEIGHT="41" CONTENT="Perrot's," WC="0.62" CC="706430351"/>
						<SP ID="P52_SP00026" HPOS="751" VPOS="337" WIDTH="18"/>
						<String ID="P52_ST00031" HPOS="769" VPOS="302" WIDTH="34" HEIGHT="20" CONTENT="or" WC="0.65" CC="15"/>
						<SP ID="P52_SP00027" HPOS="803" VPOS="337" WIDTH="25"/>
						<String ID="P52_ST00032" HPOS="828" VPOS="289" WIDTH="34" HEIGHT="33" CONTENT="of" WC="0.92" CC="01"/>
						<SP ID="P52_SP00028" HPOS="862" VPOS="337" WIDTH="18"/>
						<String ID="P52_ST00033" HPOS="880" VPOS="288" WIDTH="92" HEIGHT="42" CONTENT="again" WC="0.81" CC="00027"/>
					</TextLine>
					<TextLine ID="P52_TL00006" HPOS="145" VPOS="349" WIDTH="827" HEIGHT="50">
						<String ID="P52_ST00034" HPOS="145" VPOS="356" WIDTH="148" HEIGHT="43" CONTENT="touching" WC="0.72" CC="00007670"/>
						<SP ID="P52_SP00029" HPOS="293" VPOS="399" WIDTH="15"/>
						<String ID="P52_ST00035" HPOS="308" VPOS="356" WIDTH="73" HEIGHT="32" CONTENT="with" WC="0.70" CC="0407"/>
						<SP ID="P52_SP00030" HPOS="381" VPOS="399" WIDTH="22"/>
						<String ID="P52_ST00036" HPOS="403" VPOS="355" WIDTH="54" HEIGHT="33" CONTENT="her" WC="0.53" CC="706"/>
						<SP ID="P52_SP00031" HPOS="457" VPOS="399" WIDTH="23"/>
						<String ID="P52_ST00037" HPOS="480" VPOS="355" WIDTH="128" HEIGHT="42" CONTENT="longing" WC="0.69" CC="0070770"/>
						<SP ID="P52_SP00032" HPOS="608" VPOS="399" WIDTH="22"/>
						<String ID="P52_ST00038" HPOS="630" VPOS="354" WIDTH="60" HEIGHT="43" CONTENT="lips" WC="0.85" CC="3001"/>
						<SP ID="P52_SP00033" HPOS="690" VPOS="399" WIDTH="23"/>
						<String ID="P52_ST00039" HPOS="713" VPOS="353" WIDTH="54" HEIGHT="33" CONTENT="the" WC="0.58" CC="570"/>
						<SP ID="P52_SP00034" HPOS="767" VPOS="399" WIDTH="16"/>
						<String ID="P52_ST00040" HPOS="783" VPOS="351" WIDTH="71" HEIGHT="33" CONTENT="food" WC="0.90" CC="0300"/>
						<SP ID="P52_SP00035" HPOS="854" VPOS="399" WIDTH="16"/>
						<String ID="P52_ST00041" HPOS="870" VPOS="349" WIDTH="102" HEIGHT="33" CONTENT="which" WC="0.56" CC="07607"/>
					</TextLine>
					<TextLine ID="P52_TL00007" HPOS="144" VPOS="414" WIDTH="829" HEIGHT="44">
						<String ID="P52_ST00042" HPOS="144" VPOS="430" WIDTH="64" HEIGHT="20" CONTENT="was" WC="0.89" CC="003"/>
						<SP ID="P52_SP00036" HPOS="208" VPOS="450" WIDTH="17"/>
						<String ID="P52_ST00043" HPOS="225" VPOS="418" WIDTH="139" HEIGHT="32" CONTENT="destined" WC="0.78" CC="00506500"/>
						<SP ID="P52_SP00037" HPOS="364" VPOS="450" WIDTH="15"/>
						<String ID="P52_ST00044" HPOS="379" VPOS="422" WIDTH="32" HEIGHT="28" CONTENT="to" WC="0.74" CC="31"/>
						<SP ID="P52_SP00038" HPOS="411" VPOS="450" WIDTH="16"/>
						<String ID="P52_ST00045" HPOS="427" VPOS="422" WIDTH="115" HEIGHT="28" CONTENT="restore" WC="0.84" CC="5050000"/>
						<SP ID="P52_SP00039" HPOS="542" VPOS="450" WIDTH="16"/>
						<String ID="P52_ST00046" HPOS="558" VPOS="416" WIDTH="142" HEIGHT="42" CONTENT="strength" WC="0.68" CC="60405007"/>
						<SP ID="P52_SP00040" HPOS="700" VPOS="458" WIDTH="17"/>
						<String ID="P52_ST00047" HPOS="717" VPOS="415" WIDTH="60" HEIGHT="33" CONTENT="and" WC="0.76" CC="070"/>
						<SP ID="P52_SP00041" HPOS="777" VPOS="458" WIDTH="21"/>
						<String ID="P52_ST00048" HPOS="798" VPOS="414" WIDTH="53" HEIGHT="32" CONTENT="the" WC="0.74" CC="070"/>
						<SP ID="P52_SP00042" HPOS="851" VPOS="458" WIDTH="16"/>
						<String ID="P52_ST00049" HPOS="867" VPOS="424" WIDTH="106" HEIGHT="32" CONTENT="power" WC="0.89" CC="00005"/>
					</TextLine>
					<TextLine ID="P52_TL00008" HPOS="146" VPOS="476" WIDTH="826" HEIGHT="46">
						<String ID="P52_ST00050" HPOS="146" VPOS="480" WIDTH="33" HEIGHT="32" CONTENT="of" WC="0.83" CC="30"/>
						<SP ID="P52_SP00043" HPOS="179" VPOS="512" WIDTH="34"/>
						<String ID="P52_ST00051" HPOS="213" VPOS="480" WIDTH="126" HEIGHT="42" CONTENT="earning" WC="0.71" CC="0060670"/>
						<SP ID="P52_SP00044" HPOS="339" VPOS="522" WIDTH="29"/>
						<String ID="P52_ST00052" HPOS="368" VPOS="479" WIDTH="46" HEIGHT="33" CONTENT="his" WC="0.34" CC="765"/>
						<SP ID="P52_SP00045" HPOS="414" VPOS="522" WIDTH="30"/>
						<String ID="P52_ST00053" HPOS="444" VPOS="480" WIDTH="94" HEIGHT="32" CONTENT="bread" WC="0.79" CC="72000"/>
						<SP ID="P52_SP00046" HPOS="538" VPOS="522" WIDTH="38"/>
						<String ID="P52_ST00054" HPOS="576" VPOS="484" WIDTH="33" HEIGHT="27" CONTENT="to" WC="0.86" CC="02"/>
						<SP ID="P52_SP00047" HPOS="609" VPOS="522" WIDTH="40"/>
						<String ID="P52_ST00055" HPOS="649" VPOS="477" WIDTH="104" HEIGHT="33" CONTENT="Denis." WC="0.56" CC="707650"/>
						<SP ID="P52_SP00048" HPOS="753" VPOS="522" WIDTH="60"/>
						<String ID="P52_ST00056" HPOS="813" VPOS="476" WIDTH="63" HEIGHT="34" CONTENT="She" WC="0.53" CC="670"/>
						<SP ID="P52_SP00049" HPOS="876" VPOS="522" WIDTH="31"/>
						<String ID="P52_ST00057" HPOS="907" VPOS="487" WIDTH="65" HEIGHT="21" CONTENT="was" WC="0.81" CC="005"/>
					</TextLine>
					<TextLine ID="P52_TL00009" HPOS="145" VPOS="537" WIDTH="827" HEIGHT="45">
						<String ID="P52_ST00058" HPOS="145" VPOS="541" WIDTH="95" HEIGHT="32" CONTENT="afraid" WC="0.85" CC="005030"/>
						<SP ID="P52_SP00050" HPOS="240" VPOS="573" WIDTH="25"/>
						<String ID="P52_ST00059" HPOS="265" VPOS="541" WIDTH="34" HEIGHT="32" CONTENT="of" WC="1.00" CC="00"/>
						<SP ID="P52_SP00051" HPOS="299" VPOS="573" WIDTH="25"/>
						<String ID="P52_ST00060" HPOS="324" VPOS="542" WIDTH="52" HEIGHT="32" CONTENT="the" WC="0.76" CC="070"/>
						<SP ID="P52_SP00052" HPOS="376" VPOS="574" WIDTH="27"/>
						<String ID="P52_ST00061" HPOS="403" VPOS="554" WIDTH="89" HEIGHT="28" CONTENT="man;" WC="0.80" CC="0070"/>
						<SP ID="P52_SP00053" HPOS="492" VPOS="582" WIDTH="35"/>
						<String ID="P52_ST00062" HPOS="527" VPOS="541" WIDTH="97" HEIGHT="32" CONTENT="afraid" WC="0.82" CC="006040"/>
						<SP ID="P52_SP00054" HPOS="624" VPOS="582" WIDTH="26"/>
						<String ID="P52_ST00063" HPOS="650" VPOS="540" WIDTH="39" HEIGHT="32" CONTENT="he" WC="0.63" CC="70"/>
						<SP ID="P52_SP00055" HPOS="689" VPOS="582" WIDTH="28"/>
						<String ID="P52_ST00064" HPOS="717" VPOS="538" WIDTH="102" HEIGHT="33" CONTENT="would" WC="0.84" CC="00600"/>
						<SP ID="P52_SP00056" HPOS="819" VPOS="582" WIDTH="26"/>
						<String ID="P52_ST00065" HPOS="845" VPOS="537" WIDTH="127" HEIGHT="33" CONTENT="murder" WC="0.64" CC="063405"/>
					</TextLine>
					<TextLine ID="P52_TL00010" HPOS="144" VPOS="599" WIDTH="831" HEIGHT="44">
						<String ID="P52_ST00066" HPOS="144" VPOS="603" WIDTH="72" HEIGHT="40" CONTENT="her;" WC="0.51" CC="7056"/>
						<SP ID="P52_SP00057" HPOS="216" VPOS="643" WIDTH="25"/>
						<String ID="P52_ST00067" HPOS="241" VPOS="603" WIDTH="68" HEIGHT="40" CONTENT="and," WC="0.85" CC="0400"/>
						<SP ID="P52_SP00058" HPOS="309" VPOS="643" WIDTH="26"/>
						<String ID="P52_ST00068" HPOS="335" VPOS="603" WIDTH="30" HEIGHT="31" CONTENT="in" WC="0.34" CC="57"/>
						<SP ID="P52_SP00059" HPOS="365" VPOS="643" WIDTH="27"/>
						<String ID="P52_ST00069" HPOS="392" VPOS="603" WIDTH="52" HEIGHT="32" CONTENT="the" WC="0.76" CC="070"/>
						<SP ID="P52_SP00060" HPOS="444" VPOS="643" WIDTH="26"/>
						<String ID="P52_ST00070" HPOS="470" VPOS="602" WIDTH="94" HEIGHT="32" CONTENT="midst" WC="0.58" CC="06850"/>
						<SP ID="P52_SP00061" HPOS="564" VPOS="643" WIDTH="26"/>
						<String ID="P52_ST00071" HPOS="590" VPOS="602" WIDTH="33" HEIGHT="32" CONTENT="of" WC="0.78" CC="40"/>
						<SP ID="P52_SP00062" HPOS="623" VPOS="643" WIDTH="19"/>
						<String ID="P52_ST00072" HPOS="642" VPOS="601" WIDTH="40" HEIGHT="32" CONTENT="all" WC="0.72" CC="061"/>
						<SP ID="P52_SP00063" HPOS="682" VPOS="643" WIDTH="25"/>
						<String ID="P52_ST00073" HPOS="707" VPOS="601" WIDTH="54" HEIGHT="32" CONTENT="her" WC="0.61" CC="704"/>
						<SP ID="P52_SP00064" HPOS="761" VPOS="643" WIDTH="22"/>
						<String ID="P52_ST00074" HPOS="783" VPOS="600" WIDTH="130" HEIGHT="40" CONTENT="trouble," WC="0.75" CC="05062400"/>
						<SP ID="P52_SP00065" HPOS="913" VPOS="643" WIDTH="28"/>
						<String ID="P52_ST00075" HPOS="941" VPOS="599" WIDTH="34" HEIGHT="32" CONTENT="of" WC="0.82" CC="30"/>
					</TextLine>
					<TextLine ID="P52_TL00011" HPOS="144" VPOS="662" WIDTH="827" HEIGHT="44">
						<String ID="P52_ST00076" HPOS="144" VPOS="664" WIDTH="55" HEIGHT="32" CONTENT="her" WC="0.60" CC="704"/>
						<SP ID="P52_SP00066" HPOS="199" VPOS="696" WIDTH="17"/>
						<String ID="P52_ST00077" HPOS="216" VPOS="664" WIDTH="127" HEIGHT="42" CONTENT="hunger," WC="0.66" CC="7670020"/>
						<SP ID="P52_SP00067" HPOS="343" VPOS="706" WIDTH="18"/>
						<String ID="P52_ST00078" HPOS="361" VPOS="664" WIDTH="60" HEIGHT="32" CONTENT="and" WC="0.76" CC="070"/>
						<SP ID="P52_SP00068" HPOS="421" VPOS="706" WIDTH="16"/>
						<String ID="P52_ST00079" HPOS="437" VPOS="664" WIDTH="77" HEIGHT="40" CONTENT="cold," WC="0.80" CC="01601"/>
						<SP ID="P52_SP00069" HPOS="514" VPOS="706" WIDTH="18"/>
						<String ID="P52_ST00080" HPOS="532" VPOS="664" WIDTH="61" HEIGHT="32" CONTENT="and" WC="0.98" CC="000"/>
						<SP ID="P52_SP00070" HPOS="593" VPOS="706" WIDTH="23"/>
						<String ID="P52_ST00081" HPOS="616" VPOS="668" WIDTH="82" HEIGHT="28" CONTENT="utter" WC="0.78" CC="60004"/>
						<SP ID="P52_SP00071" HPOS="698" VPOS="706" WIDTH="20"/>
						<String ID="P52_ST00082" HPOS="718" VPOS="662" WIDTH="180" HEIGHT="41" CONTENT="desolation," WC="0.76" CC="00417005070"/>
						<SP ID="P52_SP00072" HPOS="898" VPOS="706" WIDTH="19"/>
						<String ID="P52_ST00083" HPOS="917" VPOS="662" WIDTH="54" HEIGHT="32" CONTENT="she" WC="0.33" CC="676"/>
					</TextLine>
					<TextLine ID="P52_TL00012" HPOS="145" VPOS="724" WIDTH="826" HEIGHT="42">
						<String ID="P52_ST00084" HPOS="145" VPOS="725" WIDTH="49" HEIGHT="32" CONTENT="did" WC="0.86" CC="040"/>
						<SP ID="P52_SP00073" HPOS="194" VPOS="757" WIDTH="16"/>
						<String ID="P52_ST00085" HPOS="210" VPOS="730" WIDTH="53" HEIGHT="28" CONTENT="not" WC="0.83" CC="500"/>
						<SP ID="P52_SP00074" HPOS="263" VPOS="758" WIDTH="15"/>
						<String ID="P52_ST00086" HPOS="278" VPOS="725" WIDTH="88" HEIGHT="33" CONTENT="think" WC="0.59" CC="07560"/>
						<SP ID="P52_SP00075" HPOS="366" VPOS="758" WIDTH="16"/>
						<String ID="P52_ST00087" HPOS="382" VPOS="725" WIDTH="35" HEIGHT="33" CONTENT="of" WC="0.93" CC="10"/>
						<SP ID="P52_SP00076" HPOS="417" VPOS="758" WIDTH="11"/>
						<String ID="P52_ST00088" HPOS="428" VPOS="725" WIDTH="123" HEIGHT="41" CONTENT="suicide," WC="0.71" CC="56404001"/>
						<SP ID="P52_SP00077" HPOS="551" VPOS="766" WIDTH="13"/>
						<String ID="P52_ST00089" HPOS="564" VPOS="737" WIDTH="57" HEIGHT="20" CONTENT="nor" WC="0.53" CC="706"/>
						<SP ID="P52_SP00078" HPOS="621" VPOS="766" WIDTH="15"/>
						<String ID="P52_ST00090" HPOS="636" VPOS="736" WIDTH="79" HEIGHT="21" CONTENT="even" WC="0.76" CC="0405"/>
						<SP ID="P52_SP00079" HPOS="715" VPOS="766" WIDTH="17"/>
						<String ID="P52_ST00091" HPOS="732" VPOS="725" WIDTH="34" HEIGHT="32" CONTENT="of" WC="0.93" CC="10"/>
						<SP ID="P52_SP00080" HPOS="766" VPOS="766" WIDTH="11"/>
						<String ID="P52_ST00092" HPOS="777" VPOS="724" WIDTH="102" HEIGHT="33" CONTENT="death." WC="0.83" CC="000072"/>
						<SP ID="P52_SP00081" HPOS="879" VPOS="766" WIDTH="42"/>
						<String ID="P52_ST00093" HPOS="921" VPOS="724" WIDTH="50" HEIGHT="33" CONTENT="On" WC="0.34" CC="57"/>
					</TextLine>
					<TextLine ID="P52_TL00013" HPOS="144" VPOS="786" WIDTH="828" HEIGHT="43">
						<String ID="P52_ST00094" HPOS="144" VPOS="786" WIDTH="51" HEIGHT="33" CONTENT="the" WC="0.75" CC="070"/>
						<SP ID="P52_SP00082" HPOS="195" VPOS="819" WIDTH="13"/>
						<String ID="P52_ST00095" HPOS="208" VPOS="791" WIDTH="148" HEIGHT="38" CONTENT="contrary," WC="0.88" CC="004020200"/>
						<SP ID="P52_SP00083" HPOS="356" VPOS="829" WIDTH="12"/>
						<String ID="P52_ST00096" HPOS="368" VPOS="791" WIDTH="124" HEIGHT="38" CONTENT="strange" WC="0.84" CC="5050000"/>
						<SP ID="P52_SP00084" HPOS="492" VPOS="829" WIDTH="12"/>
						<String ID="P52_ST00097" HPOS="504" VPOS="798" WIDTH="33" HEIGHT="21" CONTENT="as" WC="0.76" CC="04"/>
						<SP ID="P52_SP00085" HPOS="537" VPOS="829" WIDTH="13"/>
						<String ID="P52_ST00098" HPOS="550" VPOS="787" WIDTH="24" HEIGHT="32" CONTENT="it" WC="0.73" CC="50"/>
						<SP ID="P52_SP00086" HPOS="574" VPOS="829" WIDTH="11"/>
						<String ID="P52_ST00099" HPOS="585" VPOS="798" WIDTH="72" HEIGHT="31" CONTENT="may" WC="0.67" CC="009"/>
						<SP ID="P52_SP00087" HPOS="657" VPOS="829" WIDTH="11"/>
						<String ID="P52_ST00100" HPOS="668" VPOS="798" WIDTH="92" HEIGHT="28" CONTENT="seem," WC="0.95" CC="20000"/>
						<SP ID="P52_SP00088" HPOS="760" VPOS="829" WIDTH="13"/>
						<String ID="P52_ST00101" HPOS="773" VPOS="786" WIDTH="54" HEIGHT="33" CONTENT="she" WC="0.51" CC="571"/>
						<SP ID="P52_SP00089" HPOS="827" VPOS="829" WIDTH="11"/>
						<String ID="P52_ST00102" HPOS="838" VPOS="786" WIDTH="134" HEIGHT="42" CONTENT="thought" WC="0.65" CC="0717070"/>
					</TextLine>
					<TextLine ID="P52_TL00014" HPOS="145" VPOS="848" WIDTH="827" HEIGHT="42">
						<String ID="P52_ST00103" HPOS="145" VPOS="848" WIDTH="34" HEIGHT="32" CONTENT="of" WC="0.66" CC="60"/>
						<SP ID="P52_SP00090" HPOS="179" VPOS="880" WIDTH="19"/>
						<String ID="P52_ST00104" HPOS="198" VPOS="848" WIDTH="57" HEIGHT="40" CONTENT="life," WC="0.83" CC="34000"/>
						<SP ID="P52_SP00091" HPOS="255" VPOS="888" WIDTH="19"/>
						<String ID="P52_ST00105" HPOS="274" VPOS="848" WIDTH="102" HEIGHT="42" CONTENT="dimly," WC="0.73" CC="800501"/>
						<SP ID="P52_SP00092" HPOS="376" VPOS="890" WIDTH="16"/>
						<String ID="P52_ST00106" HPOS="392" VPOS="849" WIDTH="228" HEIGHT="41" CONTENT="involuntarily," WC="0.67" CC="57006560032601"/>
						<SP ID="P52_SP00093" HPOS="620" VPOS="890" WIDTH="17"/>
						<String ID="P52_ST00107" HPOS="637" VPOS="848" WIDTH="26" HEIGHT="31" CONTENT="if" WC="0.63" CC="70"/>
						<SP ID="P52_SP00094" HPOS="663" VPOS="890" WIDTH="11"/>
						<String ID="P52_ST00108" HPOS="674" VPOS="860" WIDTH="62" HEIGHT="30" CONTENT="you" WC="0.86" CC="012"/>
						<SP ID="P52_SP00095" HPOS="736" VPOS="890" WIDTH="16"/>
						<String ID="P52_ST00109" HPOS="752" VPOS="848" WIDTH="70" HEIGHT="41" CONTENT="will," WC="0.82" CC="04012"/>
						<SP ID="P52_SP00096" HPOS="822" VPOS="890" WIDTH="18"/>
						<String ID="P52_ST00110" HPOS="840" VPOS="849" WIDTH="56" HEIGHT="31" CONTENT="but" WC="0.80" CC="050"/>
						<SP ID="P52_SP00097" HPOS="896" VPOS="890" WIDTH="19"/>
						<String ID="P52_ST00111" HPOS="915" VPOS="848" WIDTH="57" HEIGHT="32" CONTENT="her" WC="0.75" CC="700"/>
					</TextLine>
					<TextLine ID="P52_TL00015" HPOS="145" VPOS="909" WIDTH="749" HEIGHT="40">
						<String ID="P52_ST00112" HPOS="145" VPOS="910" WIDTH="148" HEIGHT="39" CONTENT="instincts," WC="0.69" CC="0750250351"/>
						<SP ID="P52_SP00098" HPOS="293" VPOS="949" WIDTH="19"/>
						<String ID="P52_ST00113" HPOS="312" VPOS="910" WIDTH="47" HEIGHT="39" CONTENT="all," WC="0.90" CC="0300"/>
						<SP ID="P52_SP00099" HPOS="359" VPOS="949" WIDTH="18"/>
						<String ID="P52_ST00114" HPOS="377" VPOS="914" WIDTH="47" HEIGHT="28" CONTENT="set" WC="0.80" CC="500"/>
						<SP ID="P52_SP00100" HPOS="424" VPOS="949" WIDTH="15"/>
						<String ID="P52_ST00115" HPOS="439" VPOS="910" WIDTH="163" HEIGHT="39" CONTENT="lifewards," WC="0.70" CC="1300006961"/>
						<SP ID="P52_SP00101" HPOS="602" VPOS="949" WIDTH="17"/>
						<String ID="P52_ST00116" HPOS="619" VPOS="914" WIDTH="54" HEIGHT="27" CONTENT="not" WC="0.78" CC="600"/>
						<SP ID="P52_SP00102" HPOS="673" VPOS="949" WIDTH="16"/>
						<String ID="P52_ST00117" HPOS="689" VPOS="909" WIDTH="205" HEIGHT="33" CONTENT="deathwards." WC="0.76" CC="60007006060"/>
					</TextLine>
				</TextBlock>
				<TextBlock ID="P52_TB00004" HPOS="143" VPOS="971" WIDTH="827" HEIGHT="591" STYLEREFS="TXT_1 PAR_LEFT">
					<TextLine ID="P52_TL00016" HPOS="189" VPOS="971" WIDTH="781" HEIGHT="33">
						<String ID="P52_ST00118" HPOS="189" VPOS="971" WIDTH="61" HEIGHT="33" CONTENT="She" WC="0.44" CC="672"/>
						<SP ID="P52_SP00103" HPOS="250" VPOS="1004" WIDTH="15"/>
						<String ID="P52_ST00119" HPOS="265" VPOS="971" WIDTH="61" HEIGHT="32" CONTENT="had" WC="0.75" CC="700"/>
						<SP ID="P52_SP00104" HPOS="326" VPOS="1004" WIDTH="16"/>
						<String ID="P52_ST00120" HPOS="342" VPOS="971" WIDTH="94" HEIGHT="32" CONTENT="heard" WC="0.72" CC="70060"/>
						<SP ID="P52_SP00105" HPOS="436" VPOS="1004" WIDTH="15"/>
						<String ID="P52_ST00121" HPOS="451" VPOS="971" WIDTH="41" HEIGHT="32" CONTENT="all" WC="0.78" CC="051"/>
						<SP ID="P52_SP00106" HPOS="492" VPOS="1004" WIDTH="14"/>
						<String ID="P52_ST00122" HPOS="506" VPOS="971" WIDTH="67" HEIGHT="32" CONTENT="that" WC="0.81" CC="0700"/>
						<SP ID="P52_SP00107" HPOS="573" VPOS="1004" WIDTH="19"/>
						<String ID="P52_ST00123" HPOS="592" VPOS="971" WIDTH="62" HEIGHT="31" CONTENT="had" WC="0.75" CC="700"/>
						<SP ID="P52_SP00108" HPOS="654" VPOS="1004" WIDTH="23"/>
						<String ID="P52_ST00124" HPOS="677" VPOS="971" WIDTH="79" HEIGHT="32" CONTENT="been" WC="0.89" CC="0004"/>
						<SP ID="P52_SP00109" HPOS="756" VPOS="1004" WIDTH="25"/>
						<String ID="P52_ST00125" HPOS="781" VPOS="971" WIDTH="66" HEIGHT="32" CONTENT="said" WC="0.65" CC="5340"/>
						<SP ID="P52_SP00110" HPOS="847" VPOS="1004" WIDTH="16"/>
						<String ID="P52_ST00126" HPOS="863" VPOS="971" WIDTH="35" HEIGHT="32" CONTENT="of" WC="1.00" CC="00"/>
						<SP ID="P52_SP00111" HPOS="898" VPOS="1004" WIDTH="18"/>
						<String ID="P52_ST00127" HPOS="916" VPOS="972" WIDTH="54" HEIGHT="32" CONTENT="her" WC="0.51" CC="707"/>
					</TextLine>
					<TextLine ID="P52_TL00017" HPOS="144" VPOS="1033" WIDTH="826" HEIGHT="42">
						<String ID="P52_ST00128" HPOS="144" VPOS="1033" WIDTH="33" HEIGHT="31" CONTENT="in" WC="0.45" CC="46"/>
						<SP ID="P52_SP00112" HPOS="177" VPOS="1064" WIDTH="22"/>
						<String ID="P52_ST00129" HPOS="199" VPOS="1033" WIDTH="54" HEIGHT="32" CONTENT="the" WC="0.58" CC="470"/>
						<SP ID="P52_SP00113" HPOS="253" VPOS="1065" WIDTH="25"/>
						<String ID="P52_ST00130" HPOS="278" VPOS="1033" WIDTH="197" HEIGHT="42" CONTENT="stable-yard," WC="0.90" CC="400000000600"/>
						<SP ID="P52_SP00114" HPOS="475" VPOS="1075" WIDTH="18"/>
						<String ID="P52_ST00131" HPOS="493" VPOS="1033" WIDTH="60" HEIGHT="32" CONTENT="and" WC="0.80" CC="050"/>
						<SP ID="P52_SP00115" HPOS="553" VPOS="1075" WIDTH="23"/>
						<String ID="P52_ST00132" HPOS="576" VPOS="1033" WIDTH="53" HEIGHT="31" CONTENT="the" WC="0.63" CC="073"/>
						<SP ID="P52_SP00116" HPOS="629" VPOS="1075" WIDTH="16"/>
						<String ID="P52_ST00133" HPOS="645" VPOS="1044" WIDTH="121" HEIGHT="20" CONTENT="woman" WC="0.94" CC="03000"/>
						<SP ID="P52_SP00117" HPOS="766" VPOS="1075" WIDTH="24"/>
						<String ID="P52_ST00134" HPOS="790" VPOS="1033" WIDTH="31" HEIGHT="31" CONTENT="in" WC="0.36" CC="57"/>
						<SP ID="P52_SP00118" HPOS="821" VPOS="1075" WIDTH="16"/>
						<String ID="P52_ST00135" HPOS="837" VPOS="1033" WIDTH="56" HEIGHT="31" CONTENT="her" WC="0.60" CC="704"/>
						<SP ID="P52_SP00119" HPOS="893" VPOS="1075" WIDTH="15"/>
						<String ID="P52_ST00136" HPOS="908" VPOS="1033" WIDTH="62" HEIGHT="32" CONTENT="had" WC="0.74" CC="700"/>
					</TextLine>
					<TextLine ID="P52_TL00018" HPOS="144" VPOS="1094" WIDTH="824" HEIGHT="33">
						<String ID="P52_ST00137" HPOS="144" VPOS="1095" WIDTH="77" HEIGHT="31" CONTENT="been" WC="0.63" CC="6015"/>
						<SP ID="P52_SP00120" HPOS="221" VPOS="1126" WIDTH="17"/>
						<String ID="P52_ST00138" HPOS="238" VPOS="1094" WIDTH="165" HEIGHT="32" CONTENT="awakened" WC="0.82" CC="00060700"/>
						<SP ID="P52_SP00121" HPOS="403" VPOS="1126" WIDTH="16"/>
						<String ID="P52_ST00139" HPOS="419" VPOS="1106" WIDTH="34" HEIGHT="19" CONTENT="as" WC="0.73" CC="05"/>
						<SP ID="P52_SP00122" HPOS="453" VPOS="1126" WIDTH="16"/>
						<String ID="P52_ST00140" HPOS="469" VPOS="1094" WIDTH="68" HEIGHT="31" CONTENT="well" WC="0.86" CC="0022"/>
						<SP ID="P52_SP00123" HPOS="537" VPOS="1126" WIDTH="16"/>
						<String ID="P52_ST00141" HPOS="553" VPOS="1106" WIDTH="33" HEIGHT="19" CONTENT="as" WC="0.95" CC="01"/>
						<SP ID="P52_SP00124" HPOS="586" VPOS="1126" WIDTH="16"/>
						<String ID="P52_ST00142" HPOS="602" VPOS="1094" WIDTH="147" HEIGHT="32" CONTENT="humbled" WC="0.72" CC="7500600"/>
						<SP ID="P52_SP00125" HPOS="749" VPOS="1126" WIDTH="15"/>
						<String ID="P52_ST00143" HPOS="764" VPOS="1099" WIDTH="32" HEIGHT="27" CONTENT="to" WC="0.56" CC="44"/>
						<SP ID="P52_SP00126" HPOS="796" VPOS="1126" WIDTH="21"/>
						<String ID="P52_ST00144" HPOS="817" VPOS="1094" WIDTH="54" HEIGHT="32" CONTENT="the" WC="0.75" CC="070"/>
						<SP ID="P52_SP00127" HPOS="871" VPOS="1126" WIDTH="16"/>
						<String ID="P52_ST00145" HPOS="887" VPOS="1094" WIDTH="81" HEIGHT="33" CONTENT="dust." WC="0.77" CC="05500"/>
					</TextLine>
					<TextLine ID="P52_TL00019" HPOS="147" VPOS="1154" WIDTH="823" HEIGHT="41">
						<String ID="P52_ST00146" HPOS="147" VPOS="1154" WIDTH="60" HEIGHT="32" CONTENT="She" WC="0.53" CC="670"/>
						<SP ID="P52_SP00128" HPOS="207" VPOS="1186" WIDTH="25"/>
						<String ID="P52_ST00147" HPOS="232" VPOS="1165" WIDTH="63" HEIGHT="20" CONTENT="was" WC="0.91" CC="002"/>
						<SP ID="P52_SP00129" HPOS="295" VPOS="1186" WIDTH="27"/>
						<String ID="P52_ST00148" HPOS="322" VPOS="1154" WIDTH="61" HEIGHT="32" CONTENT="like" WC="0.80" CC="0430"/>
						<SP ID="P52_SP00130" HPOS="383" VPOS="1186" WIDTH="25"/>
						<String ID="P52_ST00149" HPOS="408" VPOS="1165" WIDTH="18" HEIGHT="20" CONTENT="a" WC="1.00" CC="0"/>
						<SP ID="P52_SP00131" HPOS="426" VPOS="1186" WIDTH="27"/>
						<String ID="P52_ST00150" HPOS="453" VPOS="1165" WIDTH="113" HEIGHT="30" CONTENT="savage" WC="0.95" CC="200000"/>
						<SP ID="P52_SP00132" HPOS="566" VPOS="1195" WIDTH="24"/>
						<String ID="P52_ST00151" HPOS="590" VPOS="1158" WIDTH="31" HEIGHT="27" CONTENT="to" WC="0.79" CC="04"/>
						<SP ID="P52_SP00133" HPOS="621" VPOS="1195" WIDTH="24"/>
						<String ID="P52_ST00152" HPOS="645" VPOS="1154" WIDTH="111" HEIGHT="41" CONTENT="whom," WC="0.81" CC="07100"/>
						<SP ID="P52_SP00134" HPOS="756" VPOS="1195" WIDTH="18"/>
						<String ID="P52_ST00153" HPOS="774" VPOS="1166" WIDTH="40" HEIGHT="20" CONTENT="on" WC="0.71" CC="13"/>
						<SP ID="P52_SP00135" HPOS="814" VPOS="1195" WIDTH="19"/>
						<String ID="P52_ST00154" HPOS="833" VPOS="1166" WIDTH="18" HEIGHT="20" CONTENT="a" WC="1.00" CC="0"/>
						<SP ID="P52_SP00136" HPOS="851" VPOS="1195" WIDTH="16"/>
						<String ID="P52_ST00155" HPOS="867" VPOS="1155" WIDTH="103" HEIGHT="32" CONTENT="desert" WC="0.87" CC="002050"/>
					</TextLine>
					<TextLine ID="P52_TL00020" HPOS="144" VPOS="1215" WIDTH="825" HEIGHT="42">
						<String ID="P52_ST00156" HPOS="144" VPOS="1215" WIDTH="107" HEIGHT="40" CONTENT="island," WC="0.79" CC="0430501"/>
						<SP ID="P52_SP00137" HPOS="251" VPOS="1255" WIDTH="27"/>
						<String ID="P52_ST00157" HPOS="278" VPOS="1227" WIDTH="18" HEIGHT="20" CONTENT="a" WC="1.00" CC="0"/>
						<SP ID="P52_SP00138" HPOS="296" VPOS="1255" WIDTH="24"/>
						<String ID="P52_ST00158" HPOS="320" VPOS="1215" WIDTH="107" HEIGHT="41" CONTENT="genius" WC="0.43" CC="906575"/>
						<SP ID="P52_SP00139" HPOS="427" VPOS="1256" WIDTH="26"/>
						<String ID="P52_ST00159" HPOS="453" VPOS="1215" WIDTH="110" HEIGHT="32" CONTENT="should" WC="0.71" CC="270420"/>
						<SP ID="P52_SP00140" HPOS="563" VPOS="1256" WIDTH="23"/>
						<String ID="P52_ST00160" HPOS="586" VPOS="1215" WIDTH="71" HEIGHT="41" CONTENT="give" WC="0.64" CC="0653"/>
						<SP ID="P52_SP00141" HPOS="657" VPOS="1256" WIDTH="30"/>
						<String ID="P52_ST00161" HPOS="687" VPOS="1215" WIDTH="53" HEIGHT="32" CONTENT="the" WC="0.67" CC="072"/>
						<SP ID="P52_SP00142" HPOS="740" VPOS="1256" WIDTH="30"/>
						<String ID="P52_ST00162" HPOS="770" VPOS="1216" WIDTH="199" HEIGHT="41" CONTENT="Koh-i-noor," WC="0.73" CC="03706040060"/>
					</TextLine>
					<TextLine ID="P52_TL00021" HPOS="146" VPOS="1276" WIDTH="824" HEIGHT="44">
						<String ID="P52_ST00163" HPOS="146" VPOS="1276" WIDTH="71" HEIGHT="32" CONTENT="with" WC="0.74" CC="0207"/>
						<SP ID="P52_SP00143" HPOS="217" VPOS="1308" WIDTH="15"/>
						<String ID="P52_ST00164" HPOS="232" VPOS="1276" WIDTH="53" HEIGHT="32" CONTENT="the" WC="0.69" CC="063"/>
						<SP ID="P52_SP00144" HPOS="285" VPOS="1308" WIDTH="15"/>
						<String ID="P52_ST00165" HPOS="300" VPOS="1276" WIDTH="181" HEIGHT="41" CONTENT="knowledge" WC="0.84" CC="030442000"/>
						<SP ID="P52_SP00145" HPOS="481" VPOS="1317" WIDTH="16"/>
						<String ID="P52_ST00166" HPOS="497" VPOS="1276" WIDTH="33" HEIGHT="32" CONTENT="of" WC="1.00" CC="00"/>
						<SP ID="P52_SP00146" HPOS="530" VPOS="1317" WIDTH="19"/>
						<String ID="P52_ST00167" HPOS="549" VPOS="1276" WIDTH="39" HEIGHT="32" CONTENT="its" WC="0.58" CC="344"/>
						<SP ID="P52_SP00147" HPOS="588" VPOS="1317" WIDTH="20"/>
						<String ID="P52_ST00168" HPOS="608" VPOS="1276" WIDTH="110" HEIGHT="33" CONTENT="worth." WC="0.72" CC="005072"/>
						<SP ID="P52_SP00148" HPOS="718" VPOS="1317" WIDTH="48"/>
						<String ID="P52_ST00169" HPOS="766" VPOS="1277" WIDTH="68" HEIGHT="32" CONTENT="Her" WC="0.60" CC="506"/>
						<SP ID="P52_SP00149" HPOS="834" VPOS="1317" WIDTH="15"/>
						<String ID="P52_ST00170" HPOS="849" VPOS="1289" WIDTH="121" HEIGHT="31" CONTENT="posses" SUBS_TYPE="HypPart1" SUBS_CONTENT="possession" WC="0.81" CC="0042032"/>
						<HYP CONTENT="-"/>
					</TextLine>
					<TextLine ID="P52_TL00022" HPOS="146" VPOS="1338" WIDTH="824" HEIGHT="44">
						<String ID="P52_ST00171" HPOS="146" VPOS="1338" WIDTH="65" HEIGHT="32" CONTENT="sion" SUBS_TYPE="HypPart2" SUBS_CONTENT="possession" WC="0.76" CC="0207"/>
						<SP ID="P52_SP00150" HPOS="211" VPOS="1370" WIDTH="23"/>
						<String ID="P52_ST00172" HPOS="234" VPOS="1338" WIDTH="34" HEIGHT="31" CONTENT="of" WC="1.00" CC="00"/>
						<SP ID="P52_SP00151" HPOS="268" VPOS="1370" WIDTH="19"/>
						<String ID="P52_ST00173" HPOS="287" VPOS="1349" WIDTH="17" HEIGHT="20" CONTENT="a" WC="1.00" CC="0"/>
						<SP ID="P52_SP00152" HPOS="304" VPOS="1370" WIDTH="22"/>
						<String ID="P52_ST00174" HPOS="326" VPOS="1342" WIDTH="137" HEIGHT="28" CONTENT="treasure" WC="0.74" CC="14003370"/>
						<SP ID="P52_SP00153" HPOS="463" VPOS="1370" WIDTH="24"/>
						<String ID="P52_ST00175" HPOS="487" VPOS="1338" WIDTH="61" HEIGHT="32" CONTENT="had" WC="0.75" CC="700"/>
						<SP ID="P52_SP00154" HPOS="548" VPOS="1370" WIDTH="21"/>
						<String ID="P52_ST00176" HPOS="569" VPOS="1338" WIDTH="77" HEIGHT="33" CONTENT="been" WC="0.71" CC="5006"/>
						<SP ID="P52_SP00155" HPOS="646" VPOS="1371" WIDTH="26"/>
						<String ID="P52_ST00177" HPOS="672" VPOS="1338" WIDTH="145" HEIGHT="33" CONTENT="revealed" WC="0.94" CC="00000400"/>
						<SP ID="P52_SP00156" HPOS="817" VPOS="1371" WIDTH="23"/>
						<String ID="P52_ST00178" HPOS="840" VPOS="1343" WIDTH="33" HEIGHT="28" CONTENT="to" WC="0.91" CC="01"/>
						<SP ID="P52_SP00157" HPOS="873" VPOS="1371" WIDTH="23"/>
						<String ID="P52_ST00179" HPOS="896" VPOS="1340" WIDTH="55" HEIGHT="32" CONTENT="her" WC="0.59" CC="704"/>
						<String ID="P52_ST00180" HPOS="963" VPOS="1354" WIDTH="7" HEIGHT="28" CONTENT=";" WC="0.51" CC="4"/>
					</TextLine>
					<TextLine ID="P52_TL00023" HPOS="144" VPOS="1398" WIDTH="826" HEIGHT="37">
						<String ID="P52_ST00181" HPOS="144" VPOS="1399" WIDTH="55" HEIGHT="32" CONTENT="but" WC="0.76" CC="060"/>
						<SP ID="P52_SP00158" HPOS="199" VPOS="1431" WIDTH="26"/>
						<String ID="P52_ST00182" HPOS="225" VPOS="1398" WIDTH="83" HEIGHT="33" CONTENT="what" WC="0.81" CC="0700"/>
						<SP ID="P52_SP00159" HPOS="308" VPOS="1431" WIDTH="24"/>
						<String ID="P52_ST00183" HPOS="332" VPOS="1404" WIDTH="32" HEIGHT="27" CONTENT="to" WC="0.76" CC="13"/>
						<SP ID="P52_SP00160" HPOS="364" VPOS="1431" WIDTH="26"/>
						<String ID="P52_ST00184" HPOS="390" VPOS="1398" WIDTH="38" HEIGHT="33" CONTENT="do" WC="1.00" CC="00"/>
						<SP ID="P52_SP00161" HPOS="428" VPOS="1431" WIDTH="26"/>
						<String ID="P52_ST00185" HPOS="454" VPOS="1399" WIDTH="72" HEIGHT="33" CONTENT="with" WC="0.54" CC="0557"/>
						<SP ID="P52_SP00162" HPOS="526" VPOS="1432" WIDTH="23"/>
						<String ID="P52_ST00186" HPOS="549" VPOS="1399" WIDTH="23" HEIGHT="33" CONTENT="it" WC="0.86" CC="20"/>
						<SP ID="P52_SP00163" HPOS="572" VPOS="1432" WIDTH="9"/>
						<String ID="P52_ST00187" HPOS="581" VPOS="1401" WIDTH="15" HEIGHT="31" CONTENT="?" WC="1.00" CC="0"/>
						<SP ID="P52_SP00164" HPOS="596" VPOS="1432" WIDTH="46"/>
						<String ID="P52_ST00188" HPOS="642" VPOS="1399" WIDTH="61" HEIGHT="33" CONTENT="She" WC="0.59" CC="470"/>
						<SP ID="P52_SP00165" HPOS="703" VPOS="1432" WIDTH="16"/>
						<String ID="P52_ST00189" HPOS="719" VPOS="1400" WIDTH="94" HEIGHT="33" CONTENT="hated" WC="0.86" CC="70000"/>
						<SP ID="P52_SP00166" HPOS="813" VPOS="1433" WIDTH="16"/>
						<String ID="P52_ST00190" HPOS="829" VPOS="1401" WIDTH="54" HEIGHT="32" CONTENT="the" WC="0.74" CC="070"/>
						<SP ID="P52_SP00167" HPOS="883" VPOS="1433" WIDTH="15"/>
						<String ID="P52_ST00191" HPOS="898" VPOS="1415" WIDTH="72" HEIGHT="20" CONTENT="man" WC="0.75" CC="007"/>
					</TextLine>
					<TextLine ID="P52_TL00024" HPOS="144" VPOS="1459" WIDTH="826" HEIGHT="44">
						<String ID="P52_ST00192" HPOS="144" VPOS="1459" WIDTH="69" HEIGHT="32" CONTENT="who" WC="0.61" CC="074"/>
						<SP ID="P52_SP00168" HPOS="213" VPOS="1491" WIDTH="15"/>
						<String ID="P52_ST00193" HPOS="228" VPOS="1459" WIDTH="61" HEIGHT="32" CONTENT="had" WC="0.75" CC="700"/>
						<SP ID="P52_SP00169" HPOS="289" VPOS="1491" WIDTH="17"/>
						<String ID="P52_ST00194" HPOS="306" VPOS="1459" WIDTH="64" HEIGHT="33" CONTENT="said" WC="0.69" CC="6050"/>
						<SP ID="P52_SP00170" HPOS="370" VPOS="1492" WIDTH="17"/>
						<String ID="P52_ST00195" HPOS="387" VPOS="1460" WIDTH="53" HEIGHT="32" CONTENT="she" WC="0.56" CC="570"/>
						<SP ID="P52_SP00171" HPOS="440" VPOS="1492" WIDTH="16"/>
						<String ID="P52_ST00196" HPOS="456" VPOS="1472" WIDTH="63" HEIGHT="20" CONTENT="was" WC="1.00" CC="000"/>
						<SP ID="P52_SP00172" HPOS="519" VPOS="1492" WIDTH="23"/>
						<String ID="P52_ST00197" HPOS="542" VPOS="1461" WIDTH="75" HEIGHT="42" CONTENT="ugly" WC="0.86" CC="5000"/>
						<String ID="P52_ST00198" HPOS="629" VPOS="1475" WIDTH="6" HEIGHT="28" CONTENT=";" WC="0.51" CC="4"/>
						<SP ID="P52_SP00173" HPOS="635" VPOS="1503" WIDTH="23"/>
						<String ID="P52_ST00199" HPOS="658" VPOS="1461" WIDTH="58" HEIGHT="33" CONTENT="but" WC="0.57" CC="750"/>
						<SP ID="P52_SP00174" HPOS="716" VPOS="1503" WIDTH="22"/>
						<String ID="P52_ST00200" HPOS="738" VPOS="1462" WIDTH="53" HEIGHT="33" CONTENT="the" WC="0.56" CC="570"/>
						<SP ID="P52_SP00175" HPOS="791" VPOS="1503" WIDTH="22"/>
						<String ID="P52_ST00201" HPOS="813" VPOS="1475" WIDTH="73" HEIGHT="21" CONTENT="man" WC="0.78" CC="006"/>
						<SP ID="P52_SP00176" HPOS="886" VPOS="1503" WIDTH="15"/>
						<String ID="P52_ST00202" HPOS="901" VPOS="1465" WIDTH="69" HEIGHT="32" CONTENT="who" WC="0.59" CC="065"/>
					</TextLine>
					<TextLine ID="P52_TL00025" HPOS="144" VPOS="1520" WIDTH="826" HEIGHT="42">
						<String ID="P52_ST00203" HPOS="144" VPOS="1520" WIDTH="60" HEIGHT="33" CONTENT="had" WC="0.75" CC="700"/>
						<SP ID="P52_SP00177" HPOS="204" VPOS="1553" WIDTH="25"/>
						<String ID="P52_ST00204" HPOS="229" VPOS="1520" WIDTH="64" HEIGHT="33" CONTENT="said" WC="0.74" CC="5040"/>
						<SP ID="P52_SP00178" HPOS="293" VPOS="1553" WIDTH="26"/>
						<String ID="P52_ST00205" HPOS="319" VPOS="1520" WIDTH="53" HEIGHT="33" CONTENT="she" WC="0.59" CC="470"/>
						<SP ID="P52_SP00179" HPOS="372" VPOS="1553" WIDTH="25"/>
						<String ID="P52_ST00206" HPOS="397" VPOS="1522" WIDTH="99" HEIGHT="40" CONTENT="might" WC="0.86" CC="00070"/>
						<SP ID="P52_SP00180" HPOS="496" VPOS="1562" WIDTH="23"/>
						<String ID="P52_ST00207" HPOS="519" VPOS="1523" WIDTH="39" HEIGHT="32" CONTENT="be" WC="0.55" CC="71"/>
						<SP ID="P52_SP00181" HPOS="558" VPOS="1562" WIDTH="16"/>
						<String ID="P52_ST00208" HPOS="574" VPOS="1523" WIDTH="149" HEIGHT="33" CONTENT="beautiful" WC="0.69" CC="400423254"/>
						<SP ID="P52_SP00182" HPOS="723" VPOS="1562" WIDTH="23"/>
						<String ID="P52_ST00209" HPOS="746" VPOS="1524" WIDTH="60" HEIGHT="33" CONTENT="had" WC="0.75" CC="700"/>
						<SP ID="P52_SP00183" HPOS="806" VPOS="1562" WIDTH="22"/>
						<String ID="P52_ST00210" HPOS="828" VPOS="1526" WIDTH="142" HEIGHT="33" CONTENT="troubled" WC="0.77" CC="03066200"/>
					</TextLine>
				</TextBlock>
			</PrintSpace>
		</Page>
	</Layout>
</alto>
