1090 1740
333 430 203 31 CHAPTER
558 430 54 31 IV.

274 526 103 21 ALONE
401 527 33 20 IN
457 527 65 20 THE
545 527 121 20 WORLD.

108 602 34 31 It
155 601 101 33 would
267 601 38 33 be
316 601 125 33 difficult
451 607 30 27 to
491 602 64 32 find
566 602 188 42 throughout
764 602 117 32 France

64 676 18 19 a
108 664 105 42 family
234 676 84 21 more
342 665 158 42 respected
522 665 75 32 than
623 665 53 32 the
703 665 178 33 Clavreuils.

66 725 88 42 They
176 737 81 20 were
280 725 122 42 equally
424 726 159 41 respected
606 726 31 31 in
660 727 51 31 the
735 727 148 31 Province

66 787 61 31 and
150 787 32 30 in
209 787 95 31 Paris.
351 787 99 31 There
477 792 82 26 must
585 788 94 41 really
703 787 77 32 have
806 788 77 31 been

64 847 130 42 nothing
203 853 32 26 to
252 860 54 29 say
318 848 33 32 of
362 848 93 40 them,
467 848 45 31 for
523 860 39 20 no
579 860 56 20 one
646 848 64 32 said
725 848 156 42 anything.

66 908 47 32 As
130 908 47 32 far
200 920 32 20 as
255 909 82 31 birth
353 913 83 27 went
457 909 72 41 they
545 920 80 20 were
648 909 147 41 probably
810 909 73 31 irre-

68 970 184 41 proachable
265 982 9 25 ;
290 970 45 31 for
351 970 51 32 the
417 970 103 42 public
536 970 84 32 voice
635 982 94 20 never
745 970 138 32 declared

69 1031 67 31 that
153 1042 56 20 one
226 1031 35 31 of
273 1031 80 32 their
374 1036 104 27 recent
498 1031 175 32 forefathers
693 1031 61 32 had
771 1032 78 31 been
865 1043 18 20 a

64 1092 137 42 lacquey,
213 1103 33 21 or
256 1103 18 21 a
283 1092 329 42 hackney-coachman.
659 1092 93 31 Their
762 1092 119 40 wealth,

64 1156 60 36 too,
141 1156 83 27 must
240 1151 77 32 have
327 1152 79 31 been
416 1151 139 42 honestly
567 1156 63 37 got,
642 1152 46 31 for
702 1164 40 20 no
759 1153 124 31 envious

63 1213 147 31 associate
227 1224 72 20 ever
319 1213 136 31 asserted
476 1212 67 32 that
565 1213 74 41 they
655 1213 60 31 had
738 1214 97 31 stolen
850 1213 31 40 it,

64 1273 127 41 offering
214 1278 32 27 to
269 1273 69 41 give
362 1273 101 42 proofs
487 1273 34 32 of
539 1273 46 32 his
609 1274 163 32 assertions
784 1287 6 27 ;
823 1274 60 31 and

63 1334 55 32 the
148 1334 131 32 conduct
304 1334 34 31 of
362 1334 76 32 both
464 1334 140 32 husband
633 1334 61 32 and
724 1334 69 32 wife
820 1346 62 20 was

63 1395 183 43 apparently
276 1395 158 40 excellent,
464 1395 46 32 for
539 1407 39 20 no
605 1395 105 40 friend,
742 1395 141 33 however

64 1456 146 40 intimate,
229 1467 34 20 or
279 1455 33 32 of
323 1455 97 32 either
441 1467 60 29 sex,
520 1456 149 31 ventured
687 1460 32 28 to
734 1456 65 32 hint
815 1457 66 32 that

64 1517 84 31 wdiat
164 1516 38 32 he
228 1528 34 20 or
280 1515 59 33 .she
362 1515 88 33 knew
473 1528 63 20 was
564 1516 147 32 sufficient
735 1521 30 27 to
792 1529 89 19 cause
