1090 1740
880 82 53 28 269

371 87 64 20 THE
458 87 208 20 DEPUTATION.

114 160 128 42 Avaiting
258 161 46 32 for
314 167 167 38 occupants
496 162 69 32 wTho
581 174 81 20 were
679 162 121 43 coming
814 167 32 28 to
863 163 68 42 sign

111 233 85 21 some
213 222 86 32 deed.

155 283 101 33 There
272 296 81 21 were
379 297 40 20 no
441 286 129 41 flowers,
595 286 60 32 and
681 298 38 19 no
741 286 189 40 nick-nacks,

112 345 130 42 nothing
269 346 162 42 betraying
453 359 18 19 a
497 347 109 31 female
636 359 146 30 presence
796 360 6 28 ;
835 347 96 32 above

112 407 49 39 all,
178 418 79 20 none
274 407 35 31 of
319 407 67 32 that
402 412 96 27 sweet
522 409 98 30 subtle
636 409 137 41 perfume
790 408 100 32 which
890 427 43 5 —

112 479 40 20 no
175 472 112 27 matter
310 468 84 31 what
425 468 55 31 her
510 480 56 29 age
571 487 39 5 —
613 481 97 20 seems
741 470 51 31 the
815 470 119 31 natural

112 529 173 31 emanation
302 529 34 31 of
346 540 19 20 a
380 529 313 41 womanly-woman's
703 530 214 31 whereabouts
926 542 6 28 ;

112 608 44 4 —
165 589 52 32 the
249 590 74 40 soul,
349 602 33 19 as
406 590 24 31 it
453 602 88 28 were,
572 590 35 31 of
635 590 40 31 all
698 590 52 32 the
774 591 159 31 combined

112 651 201 42 prettinesses
338 651 202 41 surrounding
570 651 61 32 her.
693 651 99 32 There
824 663 62 20 was
916 663 19 20 a

113 712 83 41 lamp
212 724 83 30 upon
312 724 19 19 a
345 712 82 31 table
454 712 32 31 in
511 712 53 31 the
591 712 112 31 middle
719 712 34 31 of
770 713 52 31 the
838 724 93 28 room,

115 773 62 31 and
199 773 52 31 the
268 774 155 40 Dowager
439 778 48 26 sat
509 773 97 31 under
629 773 38 31 its
683 785 79 29 rays,
780 773 73 31 with
879 773 56 31 her

115 834 160 41 perpetual
296 834 92 31 white
411 834 79 31 wool
515 833 135 41 knitting
670 833 84 31 work
765 846 7 27 ;
797 834 60 30 and
882 834 52 31 the

116 895 116 31 shaded
248 894 77 42 light
342 895 51 31 did
416 899 55 27 not
487 894 99 32 soften
601 894 52 31 the
668 894 76 31 hard
760 894 130 32 outlines
907 895 31 31 of

114 955 56 32 her
185 955 76 40 face,
279 967 33 19 or
327 955 52 31 the
395 955 76 32 hard
493 956 108 40 glance
618 955 34 31 of
668 955 54 31 her
737 967 80 30 eyes,
835 967 33 20 or
883 956 52 31 the

115 1017 77 31 hard
207 1017 95 31 lustre
320 1017 33 31 of
364 1017 54 31 her
434 1016 170 32 coal-black
620 1016 72 32 hair.

158 1078 67 33 The
241 1078 154 42 Marquise
419 1078 109 32 looked
554 1077 174 41 thoughtful
740 1090 6 27 ;
770 1078 70 39 and,
857 1078 77 32 from

114 1140 75 32 time
211 1144 32 28 to
259 1140 83 39 time,
360 1138 174 43 suspended
548 1138 55 32 her
619 1138 85 32 work
730 1138 61 32 and
816 1138 42 33 bit
884 1139 50 32 the

114 1201 45 42 tip
190 1201 34 31 of
251 1201 56 31 her
337 1201 87 41 ivory
454 1199 262 42 knitting-needle.
763 1199 44 32 At
843 1200 91 32 about

114 1274 20 20 a
166 1267 123 37 quarter
322 1267 33 27 to
388 1266 52 27 ten
471 1261 53 32 the
553 1260 136 42 Marquis
713 1260 37 32 de
772 1260 162 43 Moranges

115 1325 132 31 entered.

191 1386 98 41 Bring
311 1385 53 32 the
497 1383 66 32 said
589 1382 53 33 the
658 1383 153 40 Dowager
824 1396 6 27 ;
866 1382 68 41 and,

114 1448 103 33 before
246 1447 53 32 she
329 1446 62 32 had
418 1444 167 33 concluded
614 1443 53 32 the
697 1443 155 43 greetings
884 1456 50 19 ex-

116 1508 141 42 changed
273 1508 76 32 with
364 1507 55 31 her
442 1505 132 41 brother,
591 1509 62 27 two
670 1504 89 32 silent
781 1516 79 30 men,
879 1516 55 21 one
