1090 1740
452 112 70 22 TWO
546 113 132 21 POWERS.

923 110 54 27 293

154 184 68 33 that
244 185 48 32 his
325 186 104 33 choice
452 187 62 33 had
538 194 54 27 not
618 189 93 33 fallen
743 201 82 31 upon
856 190 75 32 such
959 203 18 20 a

155 255 121 22 woman
292 258 34 20 as
349 259 70 30 you,
438 248 119 33 instead
573 250 34 32 of
629 262 83 31 upon
726 250 68 32 that
818 255 137 28 creature
969 253 7 31 !

154 305 89 33 With
259 319 19 20 a
293 307 103 33 clever
410 309 81 32 head
507 322 57 20 one
580 322 57 21 can
658 311 114 42 always
789 323 86 21 come
889 316 32 28 to
938 323 39 20 an

154 368 244 43 understanding
409 371 7 32 !

230 430 71 32 You
331 431 109 42 forget,
470 432 142 32 Madame
643 432 30 32 la
930 445 47 20 re-

155 491 139 42 sponded
319 492 83 32 Mile,
432 493 37 31 de
500 493 223 42 Mourjonville,
749 494 30 32 in
804 498 119 28 accents
949 494 33 32 of

154 552 119 41 injured
295 553 167 32 innocence
473 566 7 28 ;
541 565 62 30 you
626 554 99 41 forget
743 554 75 41 that,
836 554 75 33 with
926 566 52 31 my

155 613 163 33 education
331 614 61 32 and
403 614 190 43 respectable
606 614 126 43 (though
742 615 85 42 poor)
843 620 134 38 parents,

155 674 69 32 that
253 675 104 31 w^ould
386 675 78 31 have
491 675 78 32 been
596 675 184 42 impossible.
827 676 16 31 I
871 675 108 33 should

155 736 82 32 have
248 736 115 42 always
372 736 129 32 resisted
515 736 42 33 M.
572 736 28 32 le
612 736 145 42 Marquis,
771 748 32 20 or
804 756 42 2 —
847 736 132 33 married

156 797 64 31 him
234 798 6 32 !
324 797 62 33 She
409 797 137 42 dropped
561 797 86 33 these
663 797 99 33 words
787 797 61 32 and
868 808 19 21 a
902 797 76 43 deep

156 863 125 37 curtsey
293 858 150 42 together.

198 920 66 31 The
281 919 154 42 Dowager
457 919 45 32 for
525 930 19 21 a
567 919 111 32 second
701 930 33 21 or
757 924 61 27 two
841 930 64 21 was
927 924 49 27 too

154 980 188 43 thoroughly
363 980 130 32 stunned
516 984 31 28 to
574 980 94 42 speak
670 998 42 5 —
712 979 131 43 Aspasie
867 979 52 32 did
944 990 32 21 so

156 1042 46 31 for
216 1041 65 32 her.

232 1103 31 31 It
277 1102 26 32 is
326 1101 101 32 better
449 1113 35 20 as
504 1101 24 32 it
621 1100 53 33 she
698 1100 147 33 observed
861 1100 114 42 gently,

262 1163 16 32 I
304 1175 73 30 may
399 1163 40 31 be
464 1162 54 32 the
541 1173 106 21 means
675 1161 34 32 of
728 1161 152 41 restoring
903 1172 74 31 your

155 1226 127 31 brother
297 1230 33 26 to
346 1224 47 31 his
405 1224 105 42 family
524 1237 6 27 ;
554 1223 43 32 let
607 1234 35 20 us
658 1222 80 42 hope
754 1222 46 32 for
815 1222 53 31 the

155 1286 62 32 and
245 1286 54 31 she
326 1285 55 31 left
405 1284 53 32 the
478 1282 156 43 Marquise
654 1282 75 31 with
756 1293 18 20 a
795 1293 99 29 vague
921 1282 56 31 im-

155 1347 141 44 pression
313 1346 34 31 of
358 1345 96 31 doubt
469 1356 33 20 as
515 1349 32 27 to
559 1343 83 32 what
652 1354 63 20 was
727 1343 52 31 the
795 1342 64 32 real
870 1347 107 27 nature

155 1409 36 32 of
202 1408 83 32 Mile,
303 1407 38 32 de
356 1404 224 42 Mourjonville.

198 1469 105 32 When
319 1467 52 32 the
397 1466 90 32 latter
509 1465 54 32 left
585 1464 54 31 the
662 1463 218 32 dressmaker's
905 1463 72 32 door

155 1536 32 27 to
210 1529 91 33 wend
325 1528 56 32 her
402 1538 68 30 way
496 1525 80 33 back
601 1530 32 27 to
656 1525 54 32 the
734 1525 96 32 Hotel
850 1525 37 32 de
910 1525 67 32 Mo-
