1090 1740
141 111 52 27 108

373 116 82 21 LOVE
478 116 64 21 THE
565 113 161 23 AVENGER.

141 193 51 33 the
233 205 71 21 man
349 205 39 20 on
425 193 53 32 the
517 190 229 44 rocking-chair
782 187 97 33 broke
917 185 52 33 the

141 255 119 32 silence.

410 316 65 33 said
505 317 47 39 he,
714 325 18 20 a
759 312 96 42 slight
882 310 88 41 tinge

142 378 34 33 of
205 378 88 43 irony
320 378 30 33 in
386 378 48 33 his
469 384 71 27 tone
552 392 7 27 ;
627 377 82 42 Italy
741 375 52 32 did
829 378 55 28 not
920 371 50 42 lay

140 439 72 33 hold
236 440 34 32 of
290 451 60 31 you
375 439 75 33 with
479 439 85 33 teeth
591 439 62 32 and
677 438 101 40 claws,
805 447 54 30 my
887 433 83 44 good

217 563 124 32 Well—
342 576 62 30 you
430 564 92 31 know
523 583 43 4 —
722 560 116 45 replied
861 560 43 32 M.
931 558 39 32 de

141 626 193 39 Beauvoisin,
364 626 75 31 with
467 638 17 19 a
515 626 75 31 kind
621 625 34 31 of
684 624 199 40 involuntary
904 632 66 22 em-

140 688 215 39 barrassment,
406 687 22 32 it
448 688 24 31 is
494 699 34 20 so
544 686 243 33 uncomfortable
802 698 6 28 ;
834 697 33 20 so
889 683 81 32 little

140 749 61 32 like
217 749 83 32 Avhat
321 761 57 20 one
395 749 25 32 is
436 749 76 32 used
527 754 33 27 to
577 754 32 27 at
624 749 91 32 home
730 762 6 27 ;
760 748 54 32 the
835 747 135 40 cookery

141 811 24 31 is
193 811 146 40 dreadful,
365 811 52 31 the
441 810 136 32 theatres
605 822 52 20 are
683 809 117 40 odious,
829 809 59 32 and
915 808 55 32 the

141 873 120 40 houses,
274 872 74 32 with
364 872 81 31 their
461 876 87 38 great
564 883 162 21 enormous
743 875 107 39 empty
865 881 105 21 rooms

141 933 60 31 and
231 932 148 42 galleries,
413 933 90 31 make
535 944 57 20 one
623 932 157 32 wretched
781 952 43 2 —
825 931 89 33 there
945 931 26 33 is

141 993 129 42 nothing
294 994 126 31 modern
448 994 94 31 about
568 994 25 31 it
618 993 41 32 all
660 1013 43 3 —
704 992 132 43 nothing
860 992 35 32 of
915 1003 57 21 our

141 1055 73 31 time
228 1056 6 31 !
282 1055 62 31 But
373 1056 54 31 tell
457 1068 57 28 me,
544 1055 83 32 Avhat
659 1056 38 31 do
728 1067 60 30 you
819 1054 90 32 think
941 1054 34 32 of

143 1116 108 41 Claire,
269 1128 71 20 now
354 1116 69 32 that
437 1129 61 28 you
515 1117 79 32 have
611 1129 73 20 seen

185 1177 66 32 The
264 1178 103 32 Count
383 1178 127 42 Dupont
528 1178 36 32 de
581 1178 134 42 Laporte
732 1178 73 32 took
820 1178 49 31 his
886 1178 85 42 cigar

143 1242 53 28 out
213 1238 33 32 of
262 1238 47 32 his
325 1239 117 40 mouth,
461 1239 61 31 and
537 1239 127 40 looking
679 1239 55 31 full
750 1244 34 26 at
801 1239 124 40 Olivier,
929 1259 42 3 —

217 1300 97 31 What
338 1300 39 31 do
401 1300 15 30 I
440 1300 89 31 think
555 1300 34 31 of
608 1300 55 32 her
675 1301 13 31 ?
749 1300 40 32 he
813 1301 158 41 repeated,

143 1361 136 42 gravely.
358 1361 93 42 Why,
475 1361 39 32 do
538 1373 61 31 you
622 1373 133 31 suppose
781 1373 57 22 one
857 1362 114 43 judges

144 1423 83 31 one's
242 1422 125 32 friend's
383 1422 67 33 Avife
467 1434 33 21 as
517 1434 57 21 one
591 1423 103 32 Avould
710 1435 19 20 a
744 1423 91 33 horse
847 1426 15 31 ?

218 1484 100 32 Well!
343 1485 57 31 I'm
418 1497 68 19 sure
502 1485 16 31 I
534 1485 88 32 don't
787 1487 116 41 replied
920 1487 52 33 the

146 1544 94 41 other,
290 1545 55 32 but
361 1545 15 32 I
393 1545 109 32 should
525 1546 79 32 have
628 1547 155 40 imagined
805 1547 87 32 there
909 1560 63 21 was
