1090 1740
160 126 51 24 246

386 131 82 21 LOVE
491 130 63 21 THE
576 128 160 23 AVENGER.

160 220 89 21 cause
265 220 83 21 some
364 220 89 31 years
475 207 103 32 before
602 206 32 31 in
649 205 53 32 the
718 204 138 32 columns
873 200 35 33 of
926 199 50 33 the

159 270 119 32 Portier
293 270 43 32 du
350 270 147 32 Paradis.

203 331 230 33 Mademoiselle
459 331 36 32 de
512 329 213 42 Mourjonville
741 325 159 45 tightened
925 325 53 31 her

158 393 185 42 Avell-fitting
358 392 79 43 tight
452 393 89 42 glove
558 403 72 21 over
645 391 56 32 her
716 391 74 40 long
804 389 65 32 thin
885 386 92 40 hand,

158 456 58 32 and
232 455 110 32 looked
351 467 39 20 an
400 454 60 32 odd
470 454 72 32 kind
554 453 35 33 of
596 453 70 33 look
682 458 32 27 at
725 453 55 32 her
795 450 182 41 neighbour.

231 518 14 30 I
271 517 88 31 think
386 517 27 31 if
430 517 16 31 I
470 516 60 32 had
552 515 61 32 had
638 514 153 33 Camille's

158 578 160 32 remarked
344 578 62 40 she,
503 577 88 32 could
616 576 79 32 have
721 574 175 33 renounced
923 573 52 33 the

156 639 131 40 delights
303 639 34 32 of
354 639 59 31 this
430 638 185 41 enchanting

314 712 60 30 you
389 700 177 32 couldn't!"
585 699 143 42 opposed,
746 697 227 43 energetically,

157 762 189 31 Mardonnet.
421 761 71 32 You
508 761 135 32 could'nt
658 760 32 31 in
704 760 53 31 the
772 759 73 41 long

325 823 45 31 for
399 823 60 32 lots
489 823 33 31 of
736 820 96 33 asked
868 820 107 32 Made-

156 883 135 32 moiselle
307 883 140 41 Aspasie.

233 944 65 32 Not
313 944 46 32 for
382 944 149 42 anything
547 944 96 32 under
664 944 52 32 the
839 943 137 32 affirmed

159 1004 54 32 her
239 1005 215 41 interlocutor;
671 1005 119 41 though
814 1016 114 30 money
951 1003 25 32 is

160 1077 72 31 easy
243 1071 33 27 to
291 1066 72 42 gain
379 1071 53 28 out
447 1066 95 41 there,
559 1066 24 33 it
601 1066 26 33 is
650 1078 73 31 easy
739 1071 29 28 to
785 1066 104 42 spend,
906 1071 50 27 too
969 1078 7 27 ;

158 1127 180 42 everything
354 1128 25 31 is
394 1128 135 41 horribly

233 1188 87 43 They
351 1188 80 43 play,
464 1189 84 31 don't
739 1188 66 32 said
834 1188 138 43 Aspasie,

155 1249 159 41 curiously.

229 1311 63 31 Yes
305 1312 7 31 !
337 1310 72 43 they
425 1311 72 42 play
516 1311 59 42 day
591 1312 61 31 and
674 1312 99 41 night,
791 1312 61 31 and
868 1312 108 32 Avhat's

155 1382 92 30 more,
265 1371 73 42 they
353 1384 61 29 pay
429 1373 70 31 nine
515 1373 89 32 times
617 1378 53 27 out
686 1373 35 32 of
731 1378 61 36 ten,
812 1374 164 42 especially

153 1432 87 31 Avhen
252 1433 52 31 the
320 1434 137 41 money's
474 1435 85 31 owed
578 1439 31 28 to
629 1447 18 20 a
663 1435 152 42 foreigner
827 1449 6 27 ;
857 1436 55 32 but
928 1435 48 33 it's

155 1492 38 31 all
219 1505 39 19 no
282 1506 54 19 use
348 1495 6 31 !
378 1499 62 27 two
464 1495 141 32 hundred
634 1508 18 20 a
685 1508 72 30 year
784 1497 31 31 in
843 1497 88 32 Paris
952 1497 24 32 is

155 1553 97 32 better
277 1554 75 32 than
378 1561 61 27 two
466 1557 154 32 thousand
644 1569 19 20 a
692 1569 74 30 year
795 1558 32 32 in
858 1559 118 32 Moldo-
