1090 1740
157 108 52 25 110

387 114 82 20 LOVE
493 114 63 20 THE
579 112 161 22 AVENGER.

198 192 42 32 M.
262 192 37 31 de
320 191 185 32 Beauvoisin
526 189 198 42 deliberately
740 187 62 33 laid
823 187 93 32 down
938 185 47 32 his

154 253 94 43 cigar,
266 258 56 37 put
337 253 47 32 his
400 258 61 27 two
483 253 99 32 hands
605 251 116 33 behind
745 250 47 32 his
816 248 90 41 head,
925 248 60 33 and

154 315 84 32 leant
262 314 78 33 back
362 326 40 21 on
427 314 46 33 his
500 314 83 33 chair
604 314 31 32 in
654 313 84 33 what
764 310 125 34 seemed
910 321 75 32 very

154 377 60 31 like
231 376 158 32 excessive
405 376 155 32 lassitude.

229 439 55 42 My
297 438 73 32 dear
534 438 137 42 groaned
686 438 47 40 he,
782 437 24 32 it
818 436 25 33 is
857 436 46 32 for
916 435 69 32 that

153 512 109 20 reason
284 500 68 32 that
373 500 15 32 I
410 500 94 32 asked
526 512 62 29 you
604 500 82 31 Avhat
710 511 62 30 you
795 496 136 43 thought
955 496 33 32 of

153 562 101 32 Claire
267 574 5 20 :
296 561 47 32 for
357 566 32 27 to
406 573 55 30 say
476 561 52 32 the
544 561 86 32 truth
646 561 15 31 I
678 560 87 32 don't
787 560 94 31 knoAV
897 558 86 32 what

152 623 16 31 I
191 622 98 33 think.
336 623 57 31 I'm
417 634 74 30 very
515 622 93 32 much
632 621 138 43 puzzled,
796 620 59 33 and
881 631 102 21 some-

152 684 90 30 times
258 684 111 30 almost

229 745 64 32 The
309 745 96 32 Avorld
421 756 69 32 says
507 756 61 31 you
584 745 60 31 live
661 745 128 42 happily

152 806 160 33 remarked
328 806 105 39 Henri,
483 806 26 32 is
524 806 67 33 that
606 811 54 27 not
676 818 34 20 so
721 808 14 30 ?

227 867 153 42 Perfectly
480 879 64 20 was
560 867 53 32 the
628 868 161 42 rejoinder,
843 867 24 32 it
882 867 26 32 is
924 867 56 32 im-

152 928 134 43 possible
305 933 32 27 to
354 939 91 31 agree
469 928 100 32 better
592 929 75 31 than
684 941 47 19 we
755 928 48 32 do.
852 928 128 32 Claire's

152 996 118 36 temper
293 990 25 32 is
340 990 54 32 the
417 996 143 27 sweetest
583 991 32 31 in
639 991 54 32 the
718 991 106 41 world,
848 991 64 31 and
935 1003 45 20 we

152 1052 77 31 have
257 1064 94 20 never
380 1052 62 31 had
472 1064 78 20 even
577 1065 19 20 a
621 1053 170 32 discussion
824 1053 83 32 since
935 1065 45 20 Ave

152 1113 132 31 married
295 1126 6 27 ;
327 1112 54 32 she
406 1113 115 42 ahvays
549 1114 73 32 does
639 1114 186 42 everything
851 1114 15 31 I
893 1114 87 40 Avish,

152 1174 61 31 and
237 1174 15 31 I
277 1186 93 19 never
394 1174 95 31 heard
512 1174 54 32 her
589 1175 89 31 make
704 1187 39 19 an
770 1175 153 42 objection
947 1180 33 27 to

228 1296 73 31 And
334 1300 51 38 yet
422 1308 60 30 you
521 1308 51 20 are
606 1297 129 42 puzzled
771 1298 61 32 and
869 1299 111 32 almost

367 1357 149 32 observed
536 1358 47 32 his
605 1358 107 42 friend,
731 1359 74 32 Avith
824 1372 19 20 a
859 1361 121 32 curious

152 1418 177 41 expression
357 1418 34 32 of
413 1424 217 29 countenance.
711 1421 52 31 Ah
765 1441 42 4 —
808 1434 62 30 you
895 1424 85 32 don't

152 1479 89 31 know
265 1479 69 33 how
354 1480 54 32 she
429 1481 62 31 will
515 1486 52 37 get
592 1494 38 20 on
651 1483 73 32 with
748 1496 77 29 your
848 1485 129 42 mother,

151 1551 60 30 you
233 1540 92 33 know
345 1554 77 30 your
442 1544 146 32 mother's
611 1544 87 42 spirit
721 1545 35 32 of
775 1545 200 41 domination,
