1090 1740
121 95 59 26 104

352 102 82 19 LOVE
457 101 64 20 THE
545 99 161 22 AVENGER.

195 180 115 32 Where
334 180 51 32 did
408 179 38 32 he
469 178 70 43 pick
555 190 41 30 up
613 177 69 32 that
704 174 141 33 dreadful
863 183 86 22 crea-

261 241 139 42 inquired
421 240 145 33 Madame
588 240 37 32 de
648 236 166 41 Clavreuil,
832 234 77 33 Avith
930 245 19 21 a

120 303 140 31 shudder.

275 364 129 42 Sphinx,
422 376 33 20 as
472 364 74 42 they
563 363 58 32 call
762 359 117 45 replied
895 358 52 33 the

118 427 155 41 Marquise
286 440 6 27 ;
349 427 77 40 well,
445 427 86 31 there
547 426 56 32 lies
618 426 53 31 the
687 430 90 37 great
796 428 149 39 mystery.

118 488 50 32 No
190 500 58 20 one
269 489 107 31 knows
391 502 6 27 ;
429 489 38 31 he
489 488 70 32 tells
582 487 132 41 nothing
725 500 7 28 ;
765 486 61 32 and
850 485 41 33 all
916 489 31 27 at

119 560 75 21 once
213 549 53 32 she
286 549 153 43 appeared
455 549 60 32 and
531 561 64 20 was
614 549 130 31 famous.
791 547 31 32 It
838 547 25 31 is
881 546 66 32 said

118 610 49 32 old
185 610 182 33 Sauveterre
384 611 108 32 knows
508 610 40 33 all
564 610 94 32 about
674 610 63 32 her.
779 609 166 40 However,

117 671 66 42 rely
202 683 82 30 upon
307 683 58 29 me,
391 684 52 30 my
467 672 81 40 dear,
571 671 54 32 the
647 671 122 43 Sphinx
791 670 79 32 shall
893 675 54 27 not

118 732 124 41 deprive
258 745 52 28 my
326 733 154 40 grandson
497 733 34 32 of
541 732 47 33 his

161 794 71 32 And
245 794 76 32 with
333 794 69 32 that
414 794 51 32 the
481 794 157 42 Marquise
652 793 157 43 departed,
824 793 123 42 leaving

116 856 142 31 Madame
275 856 36 31 de
328 856 155 31 Clavreuil
498 855 189 42 thoroughly
702 854 244 33 uncomfortable

117 917 60 31 and
193 928 125 29 uneasy.

161 978 80 31 Both
271 978 86 32 these
386 990 119 20 women
536 978 62 32 had
629 978 61 31 had
716 977 153 43 precisely
894 978 53 31 the

118 1051 82 20 same
222 1039 160 32 education
396 1053 5 27 ;
439 1040 24 31 it
485 1040 62 32 had
571 1040 163 31 narroAved
759 1039 77 33 both
848 1053 7 27 ;
890 1040 56 32 but

117 1101 51 31 the
195 1112 192 20 narrowness
414 1101 62 32 had
501 1101 157 32 hardened
686 1113 67 29 one,
779 1102 168 32 weakened

117 1162 51 31 the
193 1162 94 39 other,
312 1162 127 41 making
460 1162 35 31 of
510 1162 52 32 the
585 1174 58 20 one
668 1174 18 20 a
709 1162 183 42 dangerous,
917 1164 33 32 of

117 1223 53 32 the
187 1223 88 33 other
290 1234 19 21 a
323 1223 116 33 useless
456 1235 119 29 person.
