1090 1740
396 106 64 21 THE
483 106 157 21 HUSBAND.

874 104 52 25 107

103 180 61 32 had
188 182 92 33 taken
306 182 110 33 twelve
440 182 123 33 months
588 188 32 27 to
644 183 91 33 make
750 198 6 27 ;
780 184 25 32 it
826 190 65 26 cost
910 197 18 19 a

104 242 142 34 fabulous
268 256 76 20 sum.
391 244 111 33 Clocks
528 245 34 32 of
581 246 40 31 all
644 246 94 32 forms
759 246 61 32 and
841 246 86 32 dates

105 316 81 21 were
208 310 31 27 to
260 306 38 31 be
321 317 71 20 seen
414 318 82 30 upon
517 306 54 32 the
592 307 95 41 walls,
712 308 60 31 and
793 307 134 32 watches

106 364 35 33 of
155 377 94 31 every
265 366 181 43 description
462 379 81 19 were
558 372 32 27 to
606 367 38 32 be
660 367 95 32 found
776 380 82 30 upon
874 368 52 31 the

104 426 108 33 tables.
258 427 88 42 They
362 428 40 31 all
418 432 90 36 went,
525 428 120 41 though
661 429 73 41 they
750 429 52 31 did
817 434 54 26 not
886 429 41 31 all

106 488 34 31 of
155 488 86 32 them
261 489 103 32 strike.
411 489 42 32 M.
473 489 28 32 le
523 489 138 41 Marquis
682 490 73 42 kept
771 502 17 19 a
805 495 122 27 servant

105 561 39 20 on
167 562 134 30 purpose
325 555 32 27 to
381 550 83 31 wind
486 550 85 32 them
583 563 6 28 ;
612 550 39 32 he
675 563 63 19 was
762 563 19 19 a
802 563 71 20 man
898 551 32 31 of

104 611 124 32 reliable
247 612 159 32 character
420 612 70 31 who
506 612 98 31 drank
623 612 71 42 only
709 617 103 27 water.
860 613 66 31 The

104 673 149 32 ceaseless
278 673 118 42 ticking
423 673 34 32 of
481 673 86 32 these
595 673 252 32 chronometrical
874 685 52 20 en-

103 733 89 41 gines
215 734 91 32 made
331 745 18 20 a
373 734 75 32 kind
473 734 33 31 of
527 734 202 42 atmosphere,
756 746 18 20 a
796 734 75 32 kind
896 734 32 32 of

104 795 118 31 eternal
246 795 84 40 hum,
357 800 55 26 not
436 795 148 41 soothing,
611 795 60 32 like
696 795 69 32 that
790 795 35 31 of
847 795 78 41 busy

104 855 116 31 insects
240 867 39 19 on
293 867 19 19 a
325 855 55 32 hot
396 855 69 41 day,
481 855 57 32 but
557 855 185 31 unbearable
763 859 32 27 to
816 855 108 41 people

105 916 35 31 of
150 928 133 19 nervous
300 917 255 40 susceptibilities.

147 977 100 31 There
263 988 89 29 were,
369 988 34 21 as
418 977 17 31 I
451 977 72 40 said,
540 988 40 20 no
595 977 127 39 flowers,
739 977 55 31 but
811 977 40 31 all
871 977 51 32 the

102 1038 154 42 perfumes
282 1038 34 31 of
335 1038 124 39 Arabia,
486 1037 61 31 and
574 1037 35 32 of
630 1038 192 41 everyAvhere
850 1038 71 39 else,

102 1113 79 21 were
203 1103 41 40 by
259 1106 87 27 turns
367 1102 92 31 burnt
481 1101 31 31 in
534 1101 68 32 that
622 1101 151 41 chamber,
798 1102 124 42 helping

100 1168 32 26 to
148 1162 124 32 thicken
287 1163 54 31 the
357 1163 44 31 air
418 1162 61 32 and
493 1167 32 27 to
540 1162 90 32 make
645 1162 24 32 it
684 1162 236 32 unwholesome.

101 1224 91 31 False
214 1228 82 27 taste
317 1235 63 20 was
404 1223 205 42 everyAvhere,
633 1224 52 31 the
709 1224 72 41 only
795 1224 126 41 healthy

101 1285 59 31 and
183 1284 238 41 gentlemanlike
447 1285 141 41 (because
610 1284 52 32 the
686 1285 70 41 only
777 1284 142 41 genuine)

98 1346 91 40 thing
204 1345 32 31 in
251 1345 53 32 the
320 1345 99 32 whole
441 1345 221 40 over-scented,
681 1345 237 41 over-crowded,

99 1406 199 33 over-heated
318 1406 96 42 place,
431 1418 64 19 was
515 1406 52 31 the
589 1405 88 32 smell
697 1405 34 31 of
748 1405 52 32 the
822 1406 98 41 cigars

97 1469 54 32 the
165 1472 61 28 two
242 1480 71 20 men
331 1479 80 20 were
433 1467 148 41 smoking.
628 1466 89 33 After
739 1468 180 42 attentively

98 1530 168 42 surveying
310 1529 47 33 his
400 1529 182 42 companion
622 1528 46 32 for
710 1540 83 21 some
833 1529 83 42 time,
