1090 1740
378 104 64 21 THE
466 104 158 21 HUSBAND.

858 101 52 26 109

88 179 57 33 but
161 191 58 21 one
235 192 69 31 way
321 180 33 33 of
366 180 134 43 judging
515 181 159 42 anything,
692 181 59 32 and
767 181 65 32 that
847 193 64 20 was

88 241 43 42 by
145 242 126 41 looking
287 247 32 27 at

166 303 33 32 If
214 303 69 32 that
299 315 63 20 was
378 303 48 42 all,
444 304 24 31 it
483 305 101 31 would
599 305 38 32 be
654 316 73 31 easy
743 305 123 42 enough
881 305 31 31 in

89 362 64 33 this
294 364 149 32 observed
466 365 103 32 Count
591 366 135 41 Dupont,
776 366 47 31 for
838 378 74 29 any-

90 424 92 43 thing
196 436 85 20 more
301 425 101 42 lovely
417 425 76 32 than
514 438 77 29 your
607 426 70 32 wife
698 438 58 20 can
777 427 135 40 scarcely

91 486 39 32 be
146 486 164 32 conceived
321 500 7 28 ;
353 498 33 20 as
401 487 47 31 far
463 499 33 20 as
512 487 107 41 seeing
637 499 83 30 goes,
738 500 60 29 you
813 488 99 41 forget

92 548 15 30 I
124 559 63 20 saw
202 548 55 32 her
273 559 75 21 once
364 548 102 32 before
467 567 42 4 —
512 553 30 27 at
555 548 163 41 Clavreuil,
733 553 31 27 at
775 549 52 31 the
842 548 71 32 visit

92 609 16 31 I
123 609 71 40 paid
209 609 87 32 there
308 609 74 32 with
398 621 60 30 you
470 609 65 42 just
551 621 39 19 on
604 609 54 32 the
674 621 55 20 eve
746 609 34 32 of
790 621 52 29 my
855 610 57 31 last

89 670 131 42 journey
234 676 33 26 to
282 671 51 31 the
349 672 94 39 East;
446 690 43 3 —
489 671 55 31 but
564 671 55 31 tell
636 683 58 27 me,
873 671 39 31 he

94 732 107 39 added,
227 732 168 32 somewhat
418 732 151 42 abruptly,
626 743 51 20 are
698 743 60 29 you
779 731 134 32 satisfied

94 793 75 31 with
184 793 53 31 the
254 793 138 31 outAvard
409 793 113 41 beauty
538 793 70 40 only
619 793 13 31 ?
653 792 79 31 have
752 804 62 29 you
834 804 79 28 gone

95 865 40 20 no
152 854 111 40 deeper
277 854 77 31 than
368 854 69 31 that
447 854 14 31 ?

141 915 66 31 The
232 915 137 41 Marquis
395 914 135 42 fidgeted
553 914 94 31 about
677 926 38 19 on
745 914 47 31 his
819 914 93 39 chair,

96 976 75 32 bent
186 975 140 40 forward,
343 975 97 33 threw
455 975 53 32 the
524 975 89 32 ashes
635 975 33 31 of
685 975 47 31 his
753 975 82 41 cigar
851 975 62 32 into

96 1036 54 33 the
171 1036 52 33 fire
243 1036 116 33 instead
381 1036 34 32 of
430 1036 62 32 into
513 1036 52 32 the
587 1036 50 31 old
662 1036 110 33 Sevres
796 1036 67 32 dish
883 1041 31 27 at

95 1097 49 32 his
167 1097 106 38 elbow,
296 1097 60 31 and
377 1097 50 31 did
448 1102 54 26 not
522 1096 180 42 apparently
722 1096 90 31 know
833 1098 81 29 Avhat

94 1163 33 28 to
142 1157 96 41 reply.

172 1218 88 33 Mind
272 1219 6 32 !
481 1217 143 33 resumed
650 1217 102 32 Count
778 1217 134 41 Dupont,

170 1279 50 32 did
243 1284 55 27 not
321 1279 116 32 broach
460 1279 61 32 this
546 1279 114 41 subject
672 1291 6 27 ;
703 1278 22 31 it
747 1278 26 31 is
796 1278 46 31 far
864 1283 50 26 too

98 1340 128 33 delicate
251 1351 19 21 a
294 1351 57 21 one
371 1340 32 31 in
426 1351 52 31 my
494 1340 171 32 estimation
690 1339 73 41 (and
786 1351 18 19 a
826 1339 88 31 thou-

97 1401 77 33 sand
204 1400 89 33 times
323 1411 85 21 more
439 1411 33 21 so
503 1400 80 32 since
609 1400 15 30 I
651 1399 78 31 have
760 1410 71 20 seen
861 1399 52 31 the

95 1461 178 44 Marquise),
302 1461 46 33 for
373 1472 50 21 me
449 1466 32 27 to
507 1461 79 32 have
613 1459 149 33 ventured
786 1464 32 27 to
848 1459 65 32 hint

95 1531 32 26 at
