1090 1740
255 98 171 22 IMITATION
448 99 274 21 RESPECTABILITY.

844 95 54 26 159

77 172 141 40 question
234 173 53 33 the
304 186 140 31 supreme
461 175 127 32 wisdom
604 176 34 31 of
656 176 56 31 her
726 176 172 32 benefactor

79 233 87 41 (such
189 234 39 32 he
251 246 64 21 was
337 240 32 28 to
393 236 62 40 her,
472 248 75 30 pray
564 236 38 32 do
620 241 54 27 not
689 237 98 42 forget
809 237 87 41 that),

78 294 55 32 she
150 296 105 31 would
270 296 78 33 have
359 296 54 33 felt
427 297 116 32 herself
555 298 167 32 somewhat
735 299 163 41 aggrieved

78 356 42 41 by
150 356 52 33 the
234 369 106 20 severe
372 358 163 42 simplicity
564 364 33 26 to
627 359 100 32 which
757 360 54 31 she
836 371 62 20 was

78 417 114 42 mostly
216 418 197 32 condemned.
473 419 60 31 She
558 419 50 31 did
634 424 54 27 not
711 432 88 19 avow
821 420 24 31 it
867 425 31 26 to

79 478 116 32 herself
205 491 5 19 :
235 479 55 31 but
313 478 53 33 she
392 478 50 32 did
467 479 30 31 in
522 480 108 41 reality
647 480 69 42 pine
732 481 46 30 for
792 481 104 41 finery.

78 539 52 31 All
146 539 55 32 her
216 540 102 41 points
343 540 34 32 of
389 541 199 42 comparison,
608 541 94 31 taken
718 541 77 31 from
811 541 87 31 with-

79 605 62 35 out,
158 600 130 32 marked
310 600 91 32 down
415 601 99 42 finery
530 613 32 19 as
584 613 18 19 a
624 601 114 42 species
755 602 34 31 of
806 602 91 41 right,

78 661 60 32 and
155 661 175 43 something
345 662 107 31 within
463 662 55 31 her
520 682 41 2 —
563 662 174 42 something
752 662 69 31 that
835 674 63 20 was

78 734 94 20 never
195 723 71 40 still,
284 724 168 41 suggested
475 724 68 30 that
562 735 40 19 no
629 728 122 26 amount
777 724 33 31 of
829 736 69 29 gor-

80 794 96 30 geous
210 784 138 42 clothing
384 796 64 19 Avas
486 784 149 32 sufficient
664 789 32 27 to
728 796 89 20 cover
845 785 53 31 the

78 849 133 36 poverty
236 844 33 31 of
287 844 52 31 the
363 849 77 36 past.

123 905 165 41 However,
323 905 53 31 the
409 905 137 42 Marquis
583 917 63 19 was
683 906 173 31 inexorable
858 925 43 4 —

80 966 108 42 gently
219 978 42 28 so,
293 967 56 30 but
373 967 175 31 inexorable
573 978 38 19 on
626 967 60 31 this
710 967 114 41 subject
836 980 6 28 ;
867 979 33 20 so

81 1027 151 33 Claudine
248 1039 63 19 was
334 1027 164 32 sentenced
520 1032 32 26 to
573 1028 38 31 be
627 1028 52 31 the
695 1028 206 32 best-dressed

80 1101 120 20 woman
216 1089 31 31 in
263 1090 95 39 Paris,
387 1090 130 31 without
532 1100 61 30 any
613 1101 104 29 power
739 1094 32 26 to
793 1102 108 29 appre-

79 1152 78 32 ciate
194 1152 23 32 it
228 1166 7 26 ;
259 1151 118 32 neither
415 1151 102 32 would
554 1151 38 32 he
627 1157 125 26 consent
783 1157 31 26 to
845 1151 56 32 her

79 1213 95 42 being
190 1212 98 33 called
303 1212 144 32 Madame
464 1212 36 32 de
518 1212 104 33 Sainte
641 1212 196 39 Amaranthe,
855 1212 46 31 for

80 1274 100 32 Avhich
204 1273 185 44 appellation
417 1273 53 31 she
501 1273 62 31 had
586 1284 17 20 a
632 1273 83 41 truly
745 1273 156 31 vivacious

79 1335 137 42 longing.
257 1334 102 32 These
378 1345 80 21 were
474 1334 52 32 the
543 1334 71 41 only
630 1334 101 41 points
748 1345 38 20 on
802 1334 99 31 which

81 1397 41 32 M.
142 1397 37 31 de
206 1396 165 41 Moranges
403 1395 60 32 and
490 1395 146 32 Claudine
664 1406 71 20 ever
758 1394 123 33 differed
892 1408 6 27 ;

80 1460 55 31 but
158 1458 55 31 her
237 1461 148 38 attempts
408 1461 32 27 to
472 1456 103 32 obtain
605 1455 83 32 what
713 1455 50 33 she
785 1455 114 33 wished

82 1532 90 27 were,
198 1519 78 32 after
299 1518 49 40 all,
366 1518 55 31 but
437 1517 97 32 feeble
551 1529 80 26 ones,
649 1516 58 33 and
724 1528 33 21 so
773 1521 126 28 matters
