1090 1740
892 82 53 26 183

401 87 140 21 MUSICAL
565 87 102 21 LINKS.

170 161 73 33 And
258 167 61 37 yet,
333 163 74 31 Avith
423 162 85 32 these
524 163 121 40 doubts,
657 163 60 31 and
734 163 72 31 Avith
823 163 52 31 the
885 163 61 31 fact

127 223 121 43 staring
263 224 63 31 him
342 225 31 30 in
389 224 52 32 the
457 224 73 40 face,
554 224 34 31 of
606 224 47 31 his
668 224 155 42 nephew's
838 224 110 31 educa-

127 285 66 31 tion
230 285 147 42 affording
407 297 39 20 no
475 290 168 37 guarantee
673 286 45 31 for
753 285 196 42 uprightness

128 346 134 42 through
288 346 59 41 life,
370 346 41 31 M.
438 346 37 31 de
497 346 174 42 Moranges,
697 346 60 32 had
780 347 39 31 he
846 346 61 32 had
931 358 19 20 a

127 419 66 29 son,
211 408 101 30 would
328 407 77 31 have
420 407 135 41 brought
570 407 65 31 him
651 419 40 30 up
709 408 121 41 exactly
845 419 33 20 as
902 407 46 31 his

128 468 91 32 sister
248 468 61 31 had
338 468 133 41 brought
502 480 40 29 up
576 468 125 31 01i\Tier.
752 468 74 31 And
857 468 93 41 why?

130 530 111 41 simply
256 530 130 31 because
411 529 69 31 that
496 540 63 20 Avas
582 529 53 31 the
651 533 64 27 sort
740 529 33 31 of
792 529 158 32 education

129 591 119 40 usually
265 590 92 41 given
372 595 32 26 to
427 590 52 31 the
496 601 70 20 sons
591 590 33 30 of
644 594 86 37 great
745 590 128 31 families
875 610 42 3 —
917 594 33 27 to

129 651 53 31 the
204 663 105 29 young
331 663 72 19 men
427 651 33 31 of
482 651 52 31 the
550 651 78 31 class
643 650 69 32 who
735 651 138 31 consider
894 651 24 31 it
933 662 17 20 a

129 712 177 32 distinction
321 717 32 27 to
370 712 38 31 do
423 712 138 40 nothing.

175 773 42 32 M.
247 773 36 31 de
314 773 165 40 Moranges
508 772 61 32 had
598 773 78 31 been
704 773 144 31 charmed
878 772 72 31 with

133 833 53 32 the
217 834 123 31 dinners
370 834 93 40 given
492 833 65 31 him
585 834 42 40 by
657 834 48 30 his
734 833 129 42 nephew
894 833 58 31 and

132 893 88 32 niece
234 907 6 27 ;
269 893 151 41 charmed,
438 893 130 32 because
584 893 51 31 the
651 893 77 31 cook
743 898 32 26 at
789 893 52 31 the
857 893 96 31 Hotel

133 954 38 31 de
188 954 184 31 Beauvoisin
387 965 63 19 was
466 965 19 19 a
499 953 144 31 first-rate
659 953 94 41 artist,
775 953 68 31 that
861 965 92 30 every

134 1016 93 31 detail
243 1015 35 31 of
288 1015 53 31 the
358 1014 115 32 service
490 1014 34 31 of
543 1014 53 31 the
612 1014 95 32 house
728 1026 61 19 was
806 1014 147 42 precisely

132 1089 34 20 as
182 1077 25 31 it
219 1076 109 32 should
343 1076 47 40 be,
408 1075 60 31 and
484 1075 66 31 that
566 1075 100 32 Claire
684 1075 50 31 did
752 1075 52 31 the
820 1075 133 31 honours

134 1138 35 33 of
187 1138 52 32 the
266 1137 98 32 abode
389 1136 75 32 with
484 1148 18 19 a
524 1148 90 29 grace
634 1137 62 31 and
717 1136 116 42 dignity
854 1136 99 32 which

131 1199 160 32 reminded
320 1210 61 29 you
413 1197 34 31 of
480 1197 51 31 the
563 1197 75 41 days
668 1197 115 42 (within
813 1197 47 31 his
885 1209 67 19 own

135 1258 240 41 remembrance)
401 1258 89 31 when
507 1258 51 30 the
574 1262 89 37 great
679 1258 94 31 ladies
790 1257 33 32 of
839 1258 116 31 France

137 1321 61 32 had
220 1321 78 30 been
320 1319 53 31 the
396 1323 89 36 great
502 1318 95 31 ladies
622 1318 33 31 of
676 1318 52 31 the
745 1319 93 31 entire
854 1318 101 32 world.

137 1381 96 39 Then,
255 1385 60 35 too,
338 1380 53 30 the
414 1379 137 41 Marquis
569 1390 62 20 was
655 1379 123 41 certain,
795 1379 163 32 whenever

138 1443 39 32 he
193 1441 92 33 dined
308 1445 30 27 at
359 1440 53 31 the
436 1439 96 32 Hotel
557 1440 36 30 de
611 1439 192 42 Beauvoisin,
823 1445 31 27 to
877 1445 81 27 meet

137 1503 145 33 Madame
310 1501 180 33 Beaudouin
503 1514 6 26 ;
541 1501 61 31 and
625 1513 46 20 we
694 1501 78 32 have
795 1501 76 32 been
895 1502 64 31 told
