1090 1740
179 114 51 25 250

409 121 83 20 LOVE
515 121 65 20 THE
603 120 158 21 AVENGER.

179 209 33 20 so
238 198 74 41 they
328 210 50 19 are
405 197 41 32 all
447 217 43 3 —
492 197 39 32 all
556 197 87 32 those
672 197 34 32 of
724 197 46 31 his
796 196 81 33 kind.
926 196 76 31 He's

177 259 107 32 fonder
307 259 75 33 than
409 259 16 32 I
444 271 50 20 am
518 259 34 32 of
570 259 115 42 finery;
714 259 76 32 likes
813 259 61 31 fine
898 258 104 41 things

178 321 60 31 and
277 321 60 32 fine
376 320 109 43 people
497 334 6 27 ;
540 320 60 33 and
625 320 113 43 judges
769 332 121 21 Avomen
920 331 34 21 as
984 331 18 21 a

177 395 121 20 Avoman
322 382 82 42 does,
433 394 82 31 upon
545 382 80 32 their
652 383 93 32 dress.
802 382 78 32 He's
907 381 94 33 bored

177 444 72 32 Avith
266 444 183 42 everything
457 458 6 28 ;
481 444 60 32 and
553 444 108 42 might,
679 444 143 42 perhaps,
840 444 39 32 be
889 443 112 32 moved

176 510 31 27 to
225 506 134 32 sacrifice
382 506 154 31 whatever
564 505 38 32 he
625 517 158 30 possesses
806 517 84 30 upon
914 504 86 32 earth

175 569 25 30 if
219 569 38 31 he
284 569 89 31 could
399 569 38 31 be
461 567 153 33 delivered
630 568 79 31 from
733 568 46 31 his
804 579 69 20 OAvn
890 568 109 31 weari-

175 641 83 21 some
284 630 64 32 self.
394 629 123 33 There's
541 634 56 27 not
620 640 18 21 a
660 629 124 42 passion
800 629 31 31 in
846 629 65 32 him
934 634 61 37 yet.

175 692 14 31 I
207 703 130 30 suppose
353 691 67 32 vice
436 691 61 31 will
511 696 52 36 get
586 690 74 32 hold
677 690 33 32 of
730 690 63 32 him
809 690 77 33 later
898 705 7 27 ;
930 690 66 33 vice

174 752 134 41 requires
323 764 41 20 no

360 813 65 32 said
440 812 185 33 Mardonnet
636 827 6 27 ;
738 813 134 42 thought
890 813 24 32 it
936 813 61 32 had

174 874 79 32 done
277 886 33 19 so
333 874 126 42 already
470 888 6 27 ;
500 874 54 31 but
580 874 39 31 he
645 874 119 42 slipped
794 874 79 31 back
901 875 97 31 under

173 935 49 31 his
238 935 146 31 mother's
400 935 83 42 wing
499 946 33 20 as
549 935 96 42 easily
661 934 74 32 after
752 934 38 32 he
814 934 62 32 had
896 935 102 32 tasted

174 996 34 31 of
225 996 52 31 the
293 996 158 31 forbidden
467 996 72 31 fruit
554 1008 34 19 as

247 1057 47 42 By
324 1057 100 31 Avhich
454 1057 53 32 the
538 1057 81 32 devil
648 1058 82 31 loses
950 1070 48 20 re-

173 1118 136 40 marked,
326 1118 263 42 parenthetically,
602 1119 52 31 the
667 1119 210 32 Avell-dressed
892 1132 106 29 young

172 1191 110 29 person
299 1179 30 30 in
344 1179 99 32 black.
522 1180 62 31 But
600 1180 43 31 let
658 1192 50 19 me
730 1180 54 32 tell
807 1193 70 29 you,
895 1181 103 31 Theo-

172 1240 92 42 phile,
282 1241 16 30 I
321 1241 103 31 Avould
448 1240 105 32 advise
579 1253 61 29 you
663 1246 55 27 not
738 1247 32 26 to
787 1253 87 21 come
891 1242 106 32 within

172 1302 80 41 sight
280 1302 34 31 of
331 1302 51 32 the
405 1302 154 41 Dowager
570 1315 7 28 ;
601 1302 54 41 for,
682 1303 25 31 if
725 1314 61 31 you
810 1303 47 41 do,
877 1303 121 43 depend

171 1374 81 29 upon
277 1362 33 40 it,
339 1375 61 28 you
426 1363 61 31 will
514 1375 75 29 very
616 1363 119 42 shortly
764 1364 64 32 find
859 1365 140 42 yourself

171 1423 100 31 exiled
298 1424 91 41 again
415 1424 79 32 from
525 1436 77 31 your
632 1425 130 33 beloved
794 1427 201 41 Boulevards,

171 1485 61 30 and
247 1485 146 32 inducted
408 1485 64 33 into
498 1498 83 20 some
607 1487 148 32 lucrative
782 1489 56 31 but
860 1491 137 41 compul-

172 1556 70 30 sory
281 1546 207 40 employment
525 1552 32 27 at
595 1548 86 31 three
713 1549 155 33 thousand
899 1551 96 33 miles'
