1090 1740
869 89 51 26 187

384 95 138 20 MUSICAL
545 95 102 20 LINKS.

99 179 77 21 once
193 168 158 42 admitted,
368 169 24 32 it
407 170 25 31 is
444 170 95 42 really
554 170 174 42 impossible
744 175 32 27 to
793 182 128 30 arrange

101 234 126 28 matters
243 242 84 20 more
343 231 190 42 respectably
549 232 74 31 than
643 232 39 31 he
699 232 81 40 does,
798 244 33 19 or
846 232 74 31 with

97 303 22 20 a
135 291 111 43 deeper
268 305 87 20 sense
378 293 34 31 of
426 293 83 32 what
524 294 26 31 is
573 295 58 31 due
647 299 31 27 to
694 295 48 31 his
759 306 67 20 own
842 294 81 42 posi-

101 352 64 31 tion
182 353 60 31 and
257 358 32 27 to
306 354 122 41 society.
475 354 71 31 You
571 367 58 28 see,
649 355 48 32 his
720 356 148 31 influence
891 355 32 31 in

101 413 48 32 his
177 415 193 41 department
394 416 25 31 is
447 416 63 31 still
539 428 160 20 enormous
711 430 6 27 ;
748 417 61 32 and
833 417 89 32 when

101 474 52 32 the
181 475 143 32 elections
348 476 72 31 take
447 477 96 41 place,
572 482 61 26 two
662 489 32 19 or
721 477 86 32 three
833 489 89 30 years

100 535 104 41 hence,
229 535 38 32 he
291 548 71 30 may
385 537 38 31 be
448 537 181 43 everything
654 543 31 26 to
711 549 61 30 you
798 538 46 32 for
870 538 53 32 the

100 596 188 42 deputation,
306 598 61 30 and
384 610 58 19 one
467 599 27 31 is
510 599 103 31 bound
631 603 32 27 to
678 599 88 31 think
783 599 35 31 of
840 599 83 31 one's

97 658 139 32 children
252 659 103 32 before
372 660 189 41 everything.
609 660 71 32 You
695 665 82 27 must
793 660 88 32 think
894 660 33 32 of

100 720 77 32 little
202 720 105 32 Pierre
308 741 37 2 —
345 720 31 33 -it
401 720 25 33 is
451 733 77 30 your
554 721 66 32 first
648 721 83 43 duty.
778 722 15 31 I
818 733 104 20 assure

96 792 65 30 you
176 781 16 31 I
207 781 80 31 have
304 792 85 21 come
406 786 32 27 to
454 781 52 32 the
520 781 122 41 opinion
657 782 66 31 that
738 782 24 31 it
777 781 25 32 is
818 793 107 30 wrong

99 847 32 27 to
147 842 123 41 neglect
285 853 77 30 your

146 903 117 32 Olivier
278 914 62 20 was
358 903 106 41 sitting
481 903 73 31 with
578 903 48 31 his
652 903 65 41 legs
732 903 78 31 wide
826 908 97 37 apart,

100 963 63 32 and
179 963 46 31 his
251 963 83 42 body
350 963 74 32 bent
450 963 140 40 forward,
608 975 39 20 an
673 963 97 32 elbow
787 975 39 20 on
850 963 75 32 each

100 1024 98 42 thigh,
217 1024 61 32 and
294 1024 46 32 his
357 1024 99 32 hands
472 1024 137 41 hanging
625 1024 97 40 down,
737 1024 73 31 than
826 1024 98 32 which

102 1085 137 41 scarcely
250 1096 62 29 any
322 1084 129 31 attitude
468 1095 159 30 expresses
643 1095 19 20 a
677 1095 82 20 more
775 1083 150 41 thorough

101 1145 166 42 emptiness
292 1145 35 31 of
348 1145 86 30 mind
459 1144 61 31 and
544 1144 129 31 absence
701 1144 33 31 of
756 1144 68 32 will.
875 1144 50 30 He

101 1206 105 33 stared
236 1211 32 27 at
306 1206 47 31 his
390 1206 128 39 mother,
553 1205 60 31 and
643 1205 198 41 propounded
873 1205 52 31 the

101 1268 99 32 desire
226 1279 94 20 never
345 1267 31 31 in
400 1278 61 30 any
477 1278 68 29 way
566 1266 156 31 whatever
746 1271 31 27 to
804 1266 121 41 neglect

100 1329 49 32 his
174 1328 89 32 uncle
288 1328 26 31 if
332 1328 39 31 he
396 1327 90 32 could
512 1328 71 40 only
599 1327 64 31 find
688 1327 52 31 the
765 1338 105 20 means
894 1332 31 26 to

99 1401 97 30 prove
211 1389 69 32 that
296 1388 61 33 fact
372 1394 32 26 to
420 1388 41 32 M.
481 1388 36 31 de
534 1388 173 41 Moranges.

180 1450 108 43 Ought
311 1450 16 32 I
349 1455 33 27 to
405 1460 40 31 go
468 1449 60 31 and
552 1449 69 31 dine
645 1449 74 31 with
743 1449 62 32 him
817 1450 14 32 ?
885 1449 38 33 he

100 1511 107 32 asked.
