1090 1740
398 98 105 21 ALONE
526 99 35 20 IN
583 99 79 20 LIFE.

923 96 15 25 5

123 180 105 35 empty
259 174 60 32 and
345 174 111 32 forlorn
487 180 31 27 to
544 175 40 32 all
610 187 192 32 appearance
829 177 31 31 in
886 178 54 32 the

123 241 132 37 present,
287 236 57 33 but
371 236 163 43 prescient,
537 258 43 2 —
587 238 68 31 who
685 238 131 33 knows?
817 257 40 5 —
865 240 75 31 with

123 302 53 37 yet
198 298 140 32 dormant
360 303 162 37 greatness
540 299 31 31 in
592 311 18 19 a
626 299 60 32 dim
702 300 238 43 railway-to-be-

123 359 168 43 developed
321 359 110 33 future.
477 361 43 30 At
551 360 41 32 all
616 365 116 37 events,
763 361 53 33 the
846 362 94 32 Hotel

125 419 36 32 de
182 419 143 43 l'Europe
349 420 111 33 looked
482 421 89 32 down
599 423 177 42 crushingly
798 435 81 30 upon
901 424 39 32 its

123 481 138 42 opposite
277 482 179 42 neighbour,
474 483 52 32 the
543 484 102 32 closed
661 484 85 43 shop,
763 496 75 31 very
849 485 91 32 much

123 555 33 20 as
173 555 18 20 a
206 544 101 41 newly
322 545 88 31 made
427 556 122 30 peeress
565 545 99 42 might
686 558 83 31 upon
784 558 18 20 a
817 546 123 32 humble

123 605 228 41 school-fellow,
366 606 138 33 destined
519 611 31 28 to
566 607 37 32 be
621 607 142 43 dropped.
796 609 144 31 Between

123 667 53 33 the
206 672 70 37 two,
305 680 83 31 upon
412 668 53 32 the
496 681 107 30 square
626 681 89 30 space
739 671 200 41 intervening,

123 740 81 21 were
226 734 33 27 to
282 730 39 31 be
344 742 73 20 seen
438 742 19 20 a
475 731 107 42 couple
598 731 35 31 of
644 732 59 31 odd
719 732 131 33 vehicles
866 737 74 28 rest-

123 789 55 43 ing
205 802 39 20 on
269 790 80 32 their
374 791 97 32 shafts
485 805 6 27 ;
520 803 56 20 one
600 792 52 31 the
677 792 160 43 half-drag,
863 793 78 32 half-

124 854 131 41 fourgon
270 854 60 32 like
347 855 149 42 equipage
507 855 33 31 of
552 867 18 20 a
586 854 190 33 commercial
791 854 148 40 traveller,

125 916 53 32 the
203 917 63 31 sole
292 917 107 42 lodger
419 917 30 31 in
476 918 148 41 Europe's
647 917 101 41 hotel;
771 916 53 32 the
846 916 94 41 other,

123 976 53 32 the
199 977 181 42 lumbering,
404 977 221 32 tumble-down
649 987 201 32 conveyance,
875 976 67 33 des-

125 1038 86 32 tined
225 1037 47 33 for
286 1037 52 33 the
350 1042 155 38 transport
521 1038 33 32 of
567 1037 159 33 travellers
741 1042 33 27 to
790 1037 58 32 and
864 1037 76 32 from

124 1098 93 41 Blois,
232 1098 52 32 the
300 1103 115 27 master
430 1098 35 32 of
475 1098 53 32 the
544 1099 164 41 European
723 1097 217 43 resting-place

124 1159 172 43 exercising
311 1159 54 32 the
383 1159 84 42 right
488 1159 34 32 of
540 1159 170 42 furnishing
724 1158 52 33 the
795 1158 101 43 relays
910 1164 31 26 to

123 1221 52 31 the
206 1220 105 41 coach,
338 1219 100 33 which
463 1219 70 41 still,
565 1219 33 32 in
628 1219 113 32 default
772 1219 34 32 of
824 1230 17 20 a
863 1219 77 32 local

123 1281 140 40 railroad,
289 1280 109 33 served
424 1292 33 20 as
487 1280 94 32 about
606 1279 52 32 the
684 1279 70 42 only
776 1290 105 21 means
912 1279 32 32 of

123 1353 196 31 conveyance
348 1341 140 32 between
517 1346 63 27 two
603 1351 33 21 or
658 1340 87 32 three
774 1339 166 42 provincial

123 1408 109 27 towns.

166 1464 83 40 Yes;
280 1462 53 33 the
357 1463 151 42 flaunting
537 1462 94 32 house
663 1461 34 32 of
723 1461 89 33 cheer
841 1462 99 42 might

122 1526 70 32 well
217 1525 70 32 look
311 1524 89 32 down
421 1536 82 30 upon
526 1523 54 33 the
604 1523 124 42 gloomy
750 1522 94 34 house
868 1535 72 21 over
