1090 1740
413 469 206 32 CHAPTER
651 469 87 31 XIX.

423 566 66 20 THE
513 565 211 21 DEPUTATION.

206 641 30 32 A
252 652 86 21 very
353 641 59 33 few
429 642 75 42 days
520 641 79 33 after
613 641 57 33 her
688 641 214 33 conversation
916 639 77 32 with

164 703 102 32 Count
291 704 127 42 Dupont
443 704 36 31 de
508 704 145 42 Laporte,
680 703 53 32 the
760 703 158 41 DoAvager
945 713 52 20 re-

164 764 106 32 ceived
286 776 18 20 a
319 764 88 32 letter
423 763 100 33 which
545 764 113 32 caused
679 763 55 33 her
749 768 33 28 to
799 763 77 32 send
891 768 32 27 to
939 762 56 32 her

164 825 124 32 brother
304 825 31 31 in
352 824 39 32 all
407 825 96 31 haste.
536 824 51 32 He
603 836 64 20 was
683 829 70 37 out;
771 824 70 41 and,
859 823 136 33 towards

164 899 94 20 seven
274 886 127 41 o'clock,
418 886 53 31 the
491 898 120 19 ansAver
631 886 135 42 brought
782 898 72 29 was,
871 885 69 32 that
955 885 39 32 he

164 948 103 32 would
288 960 86 20 come
390 952 32 27 to
439 948 55 31 her
510 960 33 19 as
560 960 74 20 soon
651 960 34 20 as
701 948 39 32 he
757 960 64 20 was
837 948 64 32 free
918 948 78 32 after

164 1011 116 30 dinner.

208 1072 29 30 It
253 1083 63 19 Avas
337 1071 31 31 in
394 1083 18 19 a
434 1071 129 32 boudoir
579 1071 109 42 which,
706 1072 98 31 under
830 1083 61 30 any
908 1071 88 33 other

164 1133 148 32 woman's
343 1133 98 32 hands
468 1133 104 32 would
606 1133 79 33 have
717 1134 80 32 been
827 1145 83 31 cosy,
939 1133 57 33 but

165 1195 109 40 Avhich,
307 1195 97 31 under
434 1195 55 31 her
519 1200 176 36 treatment,
722 1208 64 19 Avas
815 1195 178 42 unhomely,

165 1256 67 32 that
258 1256 53 32 the
338 1257 156 41 Marquise
525 1257 132 32 awaited
687 1257 56 32 her
772 1257 127 32 brother
928 1257 68 32 that

165 1318 141 41 evening.
353 1319 30 31 It
398 1331 64 19 Avas
479 1331 17 19 a
512 1324 81 26 most
609 1319 217 42 methodically
843 1319 153 41 arranged

165 1385 182 36 apartment,
377 1381 30 30 in
434 1381 100 31 Avhich
561 1381 131 41 nothing
719 1392 63 21 Avas
815 1386 54 27 out
901 1381 33 32 of
958 1381 40 32 its

165 1441 95 40 place,
277 1453 56 20 nor
348 1442 111 32 looked
475 1453 33 20 as
524 1442 27 31 if
569 1442 25 32 it
611 1453 81 30 ever,
710 1447 32 28 at
766 1454 61 31 any
843 1443 107 42 period
967 1443 34 32 of

165 1502 83 39 time,
267 1502 89 32 could
371 1502 78 33 have
465 1503 79 32 been
561 1515 41 21 so.
650 1504 66 32 The
733 1504 100 32 tables
850 1505 41 31 all
908 1506 90 31 stood

169 1574 117 29 square,
311 1563 61 32 and
396 1564 54 32 the
476 1564 101 32 chairs
605 1564 89 32 stood
722 1564 69 41 stiff,
821 1577 33 19 as
878 1566 120 41 though
