<?xml version="1.0" encoding="UTF-8"?>
<alto xmlns:xsi="http://www.w3.org/2001/XMLSchema-instance" xsi:noNamespaceSchemaLocation="http://www.bl.uk/schemas/alto/alto-1-4.xsd" xmlns:xlink="http://www.w3.org/1999/xlink">
	<Description>
		<MeasurementUnit>mm10</MeasurementUnit>
		<sourceImageInformation>
			<fileName>//head1/IN/2007-46/A0010888503.1/009714.jp2</fileName>
		</sourceImageInformation>
		<OCRProcessing ID="OCRPROCESSING_1">
			<preProcessingStep>
				<processingSoftware>
					<softwareCreator>CCS Content Conversion Specialists GmbH, Germany</softwareCreator>
					<softwareName>CCS docWORKS</softwareName>
					<softwareVersion>6.1-0.61</softwareVersion>
				</processingSoftware>
			</preProcessingStep>
			<ocrProcessingStep>
				<processingSoftware>
					<softwareCreator>ABBYY (BIT Software), Russia</softwareCreator>
					<softwareName>Finereader</softwareName>
				</processingSoftware>
			</ocrProcessingStep>
		</OCRProcessing>
	</Description>
	<Styles>
		<TextStyle ID="TXT_0" FONTSIZE="11" FONTFAMILY="Courier New"/>
		<TextStyle ID="TXT_1" FONTSIZE="9" FONTFAMILY="Courier New"/>
		<ParagraphStyle ID="PAR_LEFT" ALIGN="Left"/>
		<ParagraphStyle ID="PAR_CENTER" ALIGN="Center"/>
	</Styles>
	<Layout>
		<Page ID="P178" PHYSICAL_IMG_NR="178" HEIGHT="1740" WIDTH="1090" PRINTED_IMG_NR="166" POSITION="Left" ACCURACY="70.64">
			<TopMargin ID="P178_TM00001" HPOS="0" VPOS="0" WIDTH="1089" HEIGHT="143">
				<TextBlock ID="P178_TB00001" HPOS="125" VPOS="112" WIDTH="55" HEIGHT="29" STYLEREFS="TXT_0 PAR_LEFT">
					<TextLine ID="P178_TL00001" HPOS="125" VPOS="112" WIDTH="55" HEIGHT="29">
						<String ID="P178_ST00001" HPOS="125" VPOS="112" WIDTH="55" HEIGHT="29" CONTENT="166" WC="1.00" CC="000"/>
					</TextLine>
				</TextBlock>
				<TextBlock ID="P178_TB00002" HPOS="358" VPOS="121" WIDTH="355" HEIGHT="22" STYLEREFS="TXT_1 PAR_CENTER">
					<TextLine ID="P178_TL00002" HPOS="359" VPOS="122" WIDTH="354" HEIGHT="21">
						<String ID="P178_ST00002" HPOS="359" VPOS="124" WIDTH="82" HEIGHT="19" CONTENT="LOVE" WC="0.41" CC="7277"/>
						<SP ID="P178_SP00001" HPOS="441" VPOS="143" WIDTH="23"/>
						<String ID="P178_ST00003" HPOS="464" VPOS="124" WIDTH="64" HEIGHT="19" CONTENT="THE" WC="0.80" CC="060"/>
						<SP ID="P178_SP00002" HPOS="528" VPOS="143" WIDTH="23"/>
						<String ID="P178_ST00004" HPOS="551" VPOS="122" WIDTH="162" HEIGHT="21" CONTENT="AVENGER." WC="0.41" CC="07497394"/>
					</TextLine>
				</TextBlock>
			</TopMargin>
			<LeftMargin ID="P178_LM00001" HPOS="0" VPOS="143" WIDTH="115" HEIGHT="1451"/>
			<RightMargin ID="P178_RM00001" HPOS="950" VPOS="143" WIDTH="139" HEIGHT="1451"/>
			<BottomMargin ID="P178_BM00001" HPOS="0" VPOS="1594" WIDTH="1089" HEIGHT="145"/>
			<PrintSpace ID="P178_PS00001" HPOS="115" VPOS="143" WIDTH="837" HEIGHT="1451">
				<TextBlock ID="P178_TB00003" HPOS="121" VPOS="196" WIDTH="831" HEIGHT="355" STYLEREFS="TXT_1 PAR_LEFT">
					<TextLine ID="P178_TL00003" HPOS="123" VPOS="196" WIDTH="828" HEIGHT="46">
						<String ID="P178_ST00005" HPOS="123" VPOS="199" WIDTH="94" HEIGHT="42" CONTENT="cisely" WC="0.76" CC="340060"/>
						<SP ID="P178_SP00003" HPOS="217" VPOS="241" WIDTH="16"/>
						<String ID="P178_ST00006" HPOS="233" VPOS="200" WIDTH="59" HEIGHT="32" CONTENT="this" WC="0.48" CC="4662"/>
						<SP ID="P178_SP00004" HPOS="292" VPOS="241" WIDTH="17"/>
						<String ID="P178_ST00007" HPOS="309" VPOS="200" WIDTH="91" HEIGHT="32" CONTENT="union" WC="0.56" CC="76034"/>
						<SP ID="P178_SP00005" HPOS="400" VPOS="241" WIDTH="18"/>
						<String ID="P178_ST00008" HPOS="418" VPOS="201" WIDTH="35" HEIGHT="31" CONTENT="of" WC="1.00" CC="00"/>
						<SP ID="P178_SP00006" HPOS="453" VPOS="241" WIDTH="21"/>
						<String ID="P178_ST00009" HPOS="474" VPOS="200" WIDTH="87" HEIGHT="42" CONTENT="fixity" WC="0.60" CC="116770"/>
						<SP ID="P178_SP00007" HPOS="561" VPOS="242" WIDTH="16"/>
						<String ID="P178_ST00010" HPOS="577" VPOS="199" WIDTH="62" HEIGHT="32" CONTENT="and" WC="0.48" CC="068"/>
						<SP ID="P178_SP00008" HPOS="639" VPOS="242" WIDTH="19"/>
						<String ID="P178_ST00011" HPOS="658" VPOS="210" WIDTH="174" HEIGHT="31" CONTENT="vagueness" WC="0.62" CC="580501057"/>
						<SP ID="P178_SP00009" HPOS="832" VPOS="242" WIDTH="17"/>
						<String ID="P178_ST00012" HPOS="849" VPOS="196" WIDTH="102" HEIGHT="34" CONTENT="which" WC="0.66" CC="90007"/>
					</TextLine>
					<TextLine ID="P178_TL00004" HPOS="122" VPOS="261" WIDTH="830" HEIGHT="43">
						<String ID="P178_ST00013" HPOS="122" VPOS="262" WIDTH="89" HEIGHT="31" CONTENT="made" WC="1.00" CC="0000"/>
						<SP ID="P178_SP00010" HPOS="211" VPOS="293" WIDTH="22"/>
						<String ID="P178_ST00014" HPOS="233" VPOS="262" WIDTH="51" HEIGHT="32" CONTENT="the" WC="0.56" CC="570"/>
						<SP ID="P178_SP00011" HPOS="284" VPOS="294" WIDTH="26"/>
						<String ID="P178_ST00015" HPOS="310" VPOS="262" WIDTH="177" HEIGHT="42" CONTENT="expression" WC="0.61" CC="0606066435"/>
						<SP ID="P178_SP00012" HPOS="487" VPOS="304" WIDTH="29"/>
						<String ID="P178_ST00016" HPOS="516" VPOS="262" WIDTH="34" HEIGHT="31" CONTENT="of" WC="0.65" CC="42"/>
						<SP ID="P178_SP00013" HPOS="550" VPOS="304" WIDTH="18"/>
						<String ID="P178_ST00017" HPOS="568" VPOS="262" WIDTH="56" HEIGHT="31" CONTENT="her" WC="0.75" CC="700"/>
						<SP ID="P178_SP00014" HPOS="624" VPOS="304" WIDTH="29"/>
						<String ID="P178_ST00018" HPOS="653" VPOS="261" WIDTH="66" HEIGHT="31" CONTENT="face" WC="1.00" CC="0000"/>
						<SP ID="P178_SP00015" HPOS="719" VPOS="304" WIDTH="32"/>
						<String ID="P178_ST00019" HPOS="751" VPOS="271" WIDTH="34" HEIGHT="21" CONTENT="so" WC="0.58" CC="70"/>
						<SP ID="P178_SP00016" HPOS="785" VPOS="304" WIDTH="32"/>
						<String ID="P178_ST00020" HPOS="817" VPOS="264" WIDTH="135" HEIGHT="37" CONTENT="strange." WC="0.73" CC="63006004"/>
					</TextLine>
					<TextLine ID="P178_TL00005" HPOS="122" VPOS="322" WIDTH="830" HEIGHT="43">
						<String ID="P178_ST00021" HPOS="122" VPOS="324" WIDTH="94" HEIGHT="32" CONTENT="From" WC="0.71" CC="6500"/>
						<SP ID="P178_SP00017" HPOS="216" VPOS="356" WIDTH="23"/>
						<String ID="P178_ST00022" HPOS="239" VPOS="324" WIDTH="54" HEIGHT="32" CONTENT="the" WC="0.49" CC="770"/>
						<SP ID="P178_SP00018" HPOS="293" VPOS="356" WIDTH="24"/>
						<String ID="P178_ST00023" HPOS="317" VPOS="324" WIDTH="130" HEIGHT="41" CONTENT="straight" WC="0.62" CC="50504077"/>
						<SP ID="P178_SP00019" HPOS="447" VPOS="365" WIDTH="22"/>
						<String ID="P178_ST00024" HPOS="469" VPOS="324" WIDTH="60" HEIGHT="31" CONTENT="line" WC="0.65" CC="1470"/>
						<SP ID="P178_SP00020" HPOS="529" VPOS="365" WIDTH="21"/>
						<String ID="P178_ST00025" HPOS="550" VPOS="324" WIDTH="35" HEIGHT="31" CONTENT="of" WC="0.77" CC="40"/>
						<SP ID="P178_SP00021" HPOS="585" VPOS="365" WIDTH="18"/>
						<String ID="P178_ST00026" HPOS="603" VPOS="323" WIDTH="52" HEIGHT="32" CONTENT="the" WC="0.72" CC="070"/>
						<SP ID="P178_SP00022" HPOS="655" VPOS="365" WIDTH="24"/>
						<String ID="P178_ST00027" HPOS="679" VPOS="322" WIDTH="176" HEIGHT="43" CONTENT="prominent" WC="0.66" CC="002075373"/>
						<SP ID="P178_SP00023" HPOS="855" VPOS="365" WIDTH="25"/>
						<String ID="P178_ST00028" HPOS="880" VPOS="333" WIDTH="72" HEIGHT="30" CONTENT="eye" SUBS_TYPE="HypPart1" SUBS_CONTENT="eyebrow," WC="0.88" CC="0004"/>
						<HYP CONTENT="-"/>
					</TextLine>
					<TextLine ID="P178_TL00006" HPOS="121" VPOS="384" WIDTH="829" HEIGHT="45">
						<String ID="P178_ST00029" HPOS="121" VPOS="386" WIDTH="96" HEIGHT="41" CONTENT="brow," SUBS_TYPE="HypPart2" SUBS_CONTENT="eyebrow," WC="0.23" CC="79694"/>
						<SP ID="P178_SP00024" HPOS="217" VPOS="427" WIDTH="15"/>
						<String ID="P178_ST00030" HPOS="232" VPOS="386" WIDTH="52" HEIGHT="32" CONTENT="the" WC="0.54" CC="670"/>
						<SP ID="P178_SP00025" HPOS="284" VPOS="427" WIDTH="17"/>
						<String ID="P178_ST00031" HPOS="301" VPOS="386" WIDTH="101" HEIGHT="43" CONTENT="dusky" WC="0.67" CC="08610"/>
						<SP ID="P178_SP00026" HPOS="402" VPOS="429" WIDTH="16"/>
						<String ID="P178_ST00032" HPOS="418" VPOS="398" WIDTH="71" HEIGHT="30" CONTENT="eyes" WC="0.85" CC="0004"/>
						<SP ID="P178_SP00027" HPOS="489" VPOS="429" WIDTH="15"/>
						<String ID="P178_ST00033" HPOS="504" VPOS="386" WIDTH="74" HEIGHT="32" CONTENT="took" WC="0.78" CC="0530"/>
						<SP ID="P178_SP00028" HPOS="578" VPOS="429" WIDTH="16"/>
						<String ID="P178_ST00034" HPOS="594" VPOS="398" WIDTH="39" HEIGHT="20" CONTENT="an" WC="0.64" CC="07"/>
						<SP ID="P178_SP00029" HPOS="633" VPOS="429" WIDTH="24"/>
						<String ID="P178_ST00035" HPOS="657" VPOS="385" WIDTH="45" HEIGHT="33" CONTENT="air" WC="0.63" CC="055"/>
						<SP ID="P178_SP00030" HPOS="702" VPOS="429" WIDTH="16"/>
						<String ID="P178_ST00036" HPOS="718" VPOS="385" WIDTH="34" HEIGHT="33" CONTENT="of" WC="0.70" CC="60"/>
						<SP ID="P178_SP00031" HPOS="752" VPOS="429" WIDTH="21"/>
						<String ID="P178_ST00037" HPOS="773" VPOS="384" WIDTH="94" HEIGHT="43" CONTENT="depth" WC="0.68" CC="00087"/>
						<SP ID="P178_SP00032" HPOS="867" VPOS="429" WIDTH="16"/>
						<String ID="P178_ST00038" HPOS="883" VPOS="384" WIDTH="67" HEIGHT="32" CONTENT="that" WC="0.64" CC="0732"/>
					</TextLine>
					<TextLine ID="P178_TL00007" HPOS="122" VPOS="445" WIDTH="828" HEIGHT="45">
						<String ID="P178_ST00039" HPOS="122" VPOS="456" WIDTH="62" HEIGHT="22" CONTENT="was" WC="0.77" CC="006"/>
						<SP ID="P178_SP00033" HPOS="184" VPOS="478" WIDTH="16"/>
						<String ID="P178_ST00040" HPOS="200" VPOS="458" WIDTH="84" HEIGHT="21" CONTENT="more" WC="0.83" CC="0060"/>
						<SP ID="P178_SP00034" HPOS="284" VPOS="479" WIDTH="16"/>
						<String ID="P178_ST00041" HPOS="300" VPOS="448" WIDTH="32" HEIGHT="30" CONTENT="in" WC="0.39" CC="66"/>
						<SP ID="P178_SP00035" HPOS="332" VPOS="479" WIDTH="15"/>
						<String ID="P178_ST00042" HPOS="347" VPOS="448" WIDTH="79" HEIGHT="31" CONTENT="their" WC="0.49" CC="67064"/>
						<SP ID="P178_SP00036" HPOS="426" VPOS="479" WIDTH="23"/>
						<String ID="P178_ST00043" HPOS="449" VPOS="448" WIDTH="115" HEIGHT="42" CONTENT="setting" WC="0.63" CC="6005670"/>
						<SP ID="P178_SP00037" HPOS="564" VPOS="490" WIDTH="16"/>
						<String ID="P178_ST00044" HPOS="580" VPOS="448" WIDTH="60" HEIGHT="31" CONTENT="and" WC="0.68" CC="630"/>
						<SP ID="P178_SP00038" HPOS="640" VPOS="490" WIDTH="15"/>
						<String ID="P178_ST00045" HPOS="655" VPOS="448" WIDTH="81" HEIGHT="31" CONTENT="their" WC="0.51" CC="77045"/>
						<SP ID="P178_SP00039" HPOS="736" VPOS="490" WIDTH="16"/>
						<String ID="P178_ST00046" HPOS="752" VPOS="447" WIDTH="106" HEIGHT="31" CONTENT="colour" WC="0.77" CC="000085"/>
						<SP ID="P178_SP00040" HPOS="858" VPOS="490" WIDTH="16"/>
						<String ID="P178_ST00047" HPOS="874" VPOS="445" WIDTH="76" HEIGHT="33" CONTENT="than" WC="0.58" CC="3705"/>
					</TextLine>
					<TextLine ID="P178_TL00008" HPOS="121" VPOS="507" WIDTH="686" HEIGHT="44">
						<String ID="P178_ST00048" HPOS="121" VPOS="507" WIDTH="30" HEIGHT="32" CONTENT="in" WC="0.44" CC="55"/>
						<SP ID="P178_SP00041" HPOS="151" VPOS="539" WIDTH="17"/>
						<String ID="P178_ST00049" HPOS="168" VPOS="520" WIDTH="61" HEIGHT="31" CONTENT="any" WC="0.86" CC="040"/>
						<SP ID="P178_SP00042" HPOS="229" VPOS="551" WIDTH="15"/>
						<String ID="P178_ST00050" HPOS="244" VPOS="510" WIDTH="166" HEIGHT="41" CONTENT="particular" WC="0.62" CC="0560607604"/>
						<SP ID="P178_SP00043" HPOS="410" VPOS="551" WIDTH="16"/>
						<String ID="P178_ST00051" HPOS="426" VPOS="511" WIDTH="144" HEIGHT="40" CONTENT="meaning" WC="0.74" CC="0006550"/>
						<SP ID="P178_SP00044" HPOS="570" VPOS="551" WIDTH="16"/>
						<String ID="P178_ST00052" HPOS="586" VPOS="510" WIDTH="35" HEIGHT="32" CONTENT="of" WC="0.98" CC="00"/>
						<SP ID="P178_SP00045" HPOS="621" VPOS="551" WIDTH="10"/>
						<String ID="P178_ST00053" HPOS="631" VPOS="510" WIDTH="81" HEIGHT="32" CONTENT="their" WC="0.68" CC="07044"/>
						<SP ID="P178_SP00046" HPOS="712" VPOS="551" WIDTH="18"/>
						<String ID="P178_ST00054" HPOS="730" VPOS="521" WIDTH="77" HEIGHT="20" CONTENT="own." WC="0.81" CC="0052"/>
					</TextLine>
				</TextBlock>
				<TextBlock ID="P178_TB00004" HPOS="116" VPOS="570" WIDTH="833" HEIGHT="716" STYLEREFS="TXT_1 PAR_LEFT">
					<TextLine ID="P178_TL00009" HPOS="164" VPOS="571" WIDTH="784" HEIGHT="43">
						<String ID="P178_ST00055" HPOS="164" VPOS="571" WIDTH="46" HEIGHT="31" CONTENT="As" WC="0.90" CC="01"/>
						<SP ID="P178_SP00047" HPOS="210" VPOS="602" WIDTH="25"/>
						<String ID="P178_ST00056" HPOS="235" VPOS="571" WIDTH="53" HEIGHT="32" CONTENT="she" WC="0.53" CC="670"/>
						<SP ID="P178_SP00048" HPOS="288" VPOS="603" WIDTH="17"/>
						<String ID="P178_ST00057" HPOS="305" VPOS="576" WIDTH="46" HEIGHT="27" CONTENT="sat" WC="0.77" CC="330"/>
						<SP ID="P178_SP00049" HPOS="351" VPOS="603" WIDTH="23"/>
						<String ID="P178_ST00058" HPOS="374" VPOS="572" WIDTH="96" HEIGHT="40" CONTENT="there," WC="0.61" CC="770403"/>
						<SP ID="P178_SP00050" HPOS="470" VPOS="612" WIDTH="18"/>
						<String ID="P178_ST00059" HPOS="488" VPOS="572" WIDTH="75" HEIGHT="32" CONTENT="with" WC="0.69" CC="0407"/>
						<SP ID="P178_SP00051" HPOS="563" VPOS="612" WIDTH="21"/>
						<String ID="P178_ST00060" HPOS="584" VPOS="572" WIDTH="109" HEIGHT="42" CONTENT="parted" WC="0.85" CC="005200"/>
						<SP ID="P178_SP00052" HPOS="693" VPOS="614" WIDTH="16"/>
						<String ID="P178_ST00061" HPOS="709" VPOS="572" WIDTH="67" HEIGHT="42" CONTENT="lips," WC="0.76" CC="41041"/>
						<SP ID="P178_SP00053" HPOS="776" VPOS="614" WIDTH="19"/>
						<String ID="P178_ST00062" HPOS="795" VPOS="571" WIDTH="61" HEIGHT="32" CONTENT="and" WC="1.00" CC="000"/>
						<SP ID="P178_SP00054" HPOS="856" VPOS="614" WIDTH="15"/>
						<String ID="P178_ST00063" HPOS="871" VPOS="582" WIDTH="77" HEIGHT="30" CONTENT="gaze" WC="0.65" CC="0940"/>
					</TextLine>
					<TextLine ID="P178_TL00010" HPOS="120" VPOS="631" WIDTH="829" HEIGHT="44">
						<String ID="P178_ST00064" HPOS="120" VPOS="631" WIDTH="131" HEIGHT="43" CONTENT="intently" WC="0.70" CC="27107040"/>
						<SP ID="P178_SP00055" HPOS="251" VPOS="674" WIDTH="30"/>
						<String ID="P178_ST00065" HPOS="281" VPOS="633" WIDTH="74" HEIGHT="31" CONTENT="bent" WC="0.43" CC="7078"/>
						<SP ID="P178_SP00056" HPOS="355" VPOS="674" WIDTH="38"/>
						<String ID="P178_ST00066" HPOS="393" VPOS="644" WIDTH="82" HEIGHT="31" CONTENT="upon" WC="0.85" CC="5000"/>
						<SP ID="P178_SP00057" HPOS="475" VPOS="675" WIDTH="30"/>
						<String ID="P178_ST00067" HPOS="505" VPOS="633" WIDTH="54" HEIGHT="32" CONTENT="the" WC="0.51" CC="770"/>
						<SP ID="P178_SP00058" HPOS="559" VPOS="675" WIDTH="30"/>
						<String ID="P178_ST00068" HPOS="589" VPOS="633" WIDTH="71" HEIGHT="32" CONTENT="blue" WC="0.66" CC="7060"/>
						<SP ID="P178_SP00059" HPOS="660" VPOS="675" WIDTH="32"/>
						<String ID="P178_ST00069" HPOS="692" VPOS="633" WIDTH="59" HEIGHT="42" CONTENT="sky" WC="0.92" CC="200"/>
						<SP ID="P178_SP00060" HPOS="751" VPOS="675" WIDTH="29"/>
						<String ID="P178_ST00070" HPOS="780" VPOS="633" WIDTH="70" HEIGHT="32" CONTENT="that" WC="0.61" CC="0707"/>
						<SP ID="P178_SP00061" HPOS="850" VPOS="675" WIDTH="30"/>
						<String ID="P178_ST00071" HPOS="880" VPOS="644" WIDTH="69" HEIGHT="20" CONTENT="was" WC="0.75" CC="007"/>
					</TextLine>
					<TextLine ID="P178_TL00011" HPOS="120" VPOS="693" WIDTH="827" HEIGHT="43">
						<String ID="P178_ST00072" HPOS="120" VPOS="693" WIDTH="105" HEIGHT="32" CONTENT="visible" WC="0.70" CC="3240350"/>
						<SP ID="P178_SP00062" HPOS="225" VPOS="725" WIDTH="27"/>
						<String ID="P178_ST00073" HPOS="252" VPOS="694" WIDTH="121" HEIGHT="41" CONTENT="beyond" WC="1.00" CC="000000"/>
						<SP ID="P178_SP00063" HPOS="373" VPOS="735" WIDTH="16"/>
						<String ID="P178_ST00074" HPOS="389" VPOS="694" WIDTH="52" HEIGHT="32" CONTENT="the" WC="0.61" CC="470"/>
						<SP ID="P178_SP00064" HPOS="441" VPOS="735" WIDTH="17"/>
						<String ID="P178_ST00075" HPOS="458" VPOS="694" WIDTH="75" HEIGHT="41" CONTENT="high" WC="0.62" CC="7007"/>
						<SP ID="P178_SP00065" HPOS="533" VPOS="735" WIDTH="12"/>
						<String ID="P178_ST00076" HPOS="545" VPOS="694" WIDTH="72" HEIGHT="32" CONTENT="Avail" WC="0.77" CC="90001"/>
						<SP ID="P178_SP00066" HPOS="617" VPOS="735" WIDTH="17"/>
						<String ID="P178_ST00077" HPOS="634" VPOS="694" WIDTH="34" HEIGHT="32" CONTENT="of" WC="1.00" CC="00"/>
						<SP ID="P178_SP00067" HPOS="668" VPOS="735" WIDTH="11"/>
						<String ID="P178_ST00078" HPOS="679" VPOS="694" WIDTH="51" HEIGHT="33" CONTENT="the" WC="0.50" CC="770"/>
						<SP ID="P178_SP00068" HPOS="730" VPOS="735" WIDTH="17"/>
						<String ID="P178_ST00079" HPOS="747" VPOS="694" WIDTH="126" HEIGHT="42" CONTENT="garden," WC="0.87" CC="0310003"/>
						<SP ID="P178_SP00069" HPOS="873" VPOS="736" WIDTH="18"/>
						<String ID="P178_ST00080" HPOS="891" VPOS="694" WIDTH="56" HEIGHT="32" CONTENT="she" WC="0.33" CC="675"/>
					</TextLine>
					<TextLine ID="P178_TL00012" HPOS="119" VPOS="755" WIDTH="826" HEIGHT="44">
						<String ID="P178_ST00081" HPOS="119" VPOS="756" WIDTH="123" HEIGHT="31" CONTENT="seemed" WC="0.88" CC="510000"/>
						<SP ID="P178_SP00070" HPOS="242" VPOS="787" WIDTH="34"/>
						<String ID="P178_ST00082" HPOS="276" VPOS="760" WIDTH="32" HEIGHT="27" CONTENT="to" WC="0.90" CC="20"/>
						<SP ID="P178_SP00071" HPOS="308" VPOS="787" WIDTH="35"/>
						<String ID="P178_ST00083" HPOS="343" VPOS="756" WIDTH="91" HEIGHT="32" CONTENT="merit" WC="0.79" CC="03600"/>
						<SP ID="P178_SP00072" HPOS="434" VPOS="788" WIDTH="33"/>
						<String ID="P178_ST00084" HPOS="467" VPOS="755" WIDTH="189" HEIGHT="44" CONTENT="thoroughly" WC="0.65" CC="0756060700"/>
						<SP ID="P178_SP00073" HPOS="656" VPOS="799" WIDTH="22"/>
						<String ID="P178_ST00085" HPOS="678" VPOS="756" WIDTH="54" HEIGHT="32" CONTENT="the" WC="0.51" CC="670"/>
						<SP ID="P178_SP00074" HPOS="732" VPOS="799" WIDTH="26"/>
						<String ID="P178_ST00086" HPOS="758" VPOS="768" WIDTH="92" HEIGHT="20" CONTENT="name" WC="0.81" CC="7000"/>
						<SP ID="P178_SP00075" HPOS="850" VPOS="799" WIDTH="27"/>
						<String ID="P178_ST00087" HPOS="877" VPOS="755" WIDTH="68" HEIGHT="33" CONTENT="that" WC="0.64" CC="6700"/>
					</TextLine>
					<TextLine ID="P178_TL00013" HPOS="119" VPOS="815" WIDTH="827" HEIGHT="45">
						<String ID="P178_ST00088" HPOS="119" VPOS="815" WIDTH="60" HEIGHT="33" CONTENT="had" WC="0.78" CC="600"/>
						<SP ID="P178_SP00076" HPOS="179" VPOS="848" WIDTH="16"/>
						<String ID="P178_ST00089" HPOS="195" VPOS="816" WIDTH="78" HEIGHT="32" CONTENT="been" WC="0.79" CC="0007"/>
						<SP ID="P178_SP00077" HPOS="273" VPOS="848" WIDTH="21"/>
						<String ID="P178_ST00090" HPOS="294" VPOS="816" WIDTH="159" HEIGHT="33" CONTENT="bestowed" WC="0.60" CC="70650920"/>
						<SP ID="P178_SP00078" HPOS="453" VPOS="849" WIDTH="21"/>
						<String ID="P178_ST00091" HPOS="474" VPOS="829" WIDTH="84" HEIGHT="31" CONTENT="upon" WC="0.71" CC="8011"/>
						<SP ID="P178_SP00079" HPOS="558" VPOS="860" WIDTH="14"/>
						<String ID="P178_ST00092" HPOS="572" VPOS="817" WIDTH="64" HEIGHT="32" CONTENT="her." WC="0.64" CC="7060"/>
						<SP ID="P178_SP00080" HPOS="636" VPOS="860" WIDTH="48"/>
						<String ID="P178_ST00093" HPOS="684" VPOS="818" WIDTH="29" HEIGHT="31" CONTENT="It" WC="0.75" CC="04"/>
						<SP ID="P178_SP00081" HPOS="713" VPOS="860" WIDTH="23"/>
						<String ID="P178_ST00094" HPOS="736" VPOS="829" WIDTH="64" HEIGHT="20" CONTENT="was" WC="1.00" CC="000"/>
						<SP ID="P178_SP00082" HPOS="800" VPOS="860" WIDTH="23"/>
						<String ID="P178_ST00095" HPOS="823" VPOS="822" WIDTH="55" HEIGHT="27" CONTENT="not" WC="0.71" CC="206"/>
						<SP ID="P178_SP00083" HPOS="878" VPOS="860" WIDTH="14"/>
						<String ID="P178_ST00096" HPOS="892" VPOS="817" WIDTH="54" HEIGHT="32" CONTENT="the" WC="0.75" CC="070"/>
					</TextLine>
					<TextLine ID="P178_TL00014" HPOS="118" VPOS="878" WIDTH="831" HEIGHT="44">
						<String ID="P178_ST00097" HPOS="118" VPOS="878" WIDTH="140" HEIGHT="41" CONTENT="massive," WC="0.74" CC="00542700"/>
						<SP ID="P178_SP00084" HPOS="258" VPOS="919" WIDTH="28"/>
						<String ID="P178_ST00098" HPOS="286" VPOS="879" WIDTH="227" HEIGHT="42" CONTENT="heavy-lipped," WC="0.76" CC="7007007600003"/>
						<SP ID="P178_SP00085" HPOS="513" VPOS="921" WIDTH="32"/>
						<String ID="P178_ST00099" HPOS="545" VPOS="879" WIDTH="204" HEIGHT="42" CONTENT="heavy-eyed," WC="0.88" CC="70060000000"/>
						<SP ID="P178_SP00086" HPOS="749" VPOS="921" WIDTH="18"/>
						<String ID="P178_ST00100" HPOS="767" VPOS="879" WIDTH="182" HEIGHT="43" CONTENT="heavy-fea" SUBS_TYPE="HypPart1" SUBS_CONTENT="heavy-featured," WC="0.83" CC="7005000003"/>
						<HYP CONTENT="-"/>
					</TextLine>
					<TextLine ID="P178_TL00015" HPOS="118" VPOS="940" WIDTH="828" HEIGHT="42">
						<String ID="P178_ST00101" HPOS="118" VPOS="940" WIDTH="98" HEIGHT="41" CONTENT="tured," SUBS_TYPE="HypPart2" SUBS_CONTENT="heavy-featured," WC="0.70" CC="066003"/>
						<SP ID="P178_SP00087" HPOS="216" VPOS="981" WIDTH="42"/>
						<String ID="P178_ST00102" HPOS="258" VPOS="941" WIDTH="118" HEIGHT="41" CONTENT="Sphinx" WC="0.59" CC="607540"/>
						<SP ID="P178_SP00088" HPOS="376" VPOS="982" WIDTH="34"/>
						<String ID="P178_ST00103" HPOS="410" VPOS="941" WIDTH="33" HEIGHT="31" CONTENT="of" WC="0.90" CC="02"/>
						<SP ID="P178_SP00089" HPOS="443" VPOS="982" WIDTH="24"/>
						<String ID="P178_ST00104" HPOS="467" VPOS="941" WIDTH="53" HEIGHT="31" CONTENT="the" WC="0.75" CC="070"/>
						<SP ID="P178_SP00090" HPOS="520" VPOS="982" WIDTH="33"/>
						<String ID="P178_ST00105" HPOS="553" VPOS="941" WIDTH="141" HEIGHT="41" CONTENT="sluggish" WC="0.60" CC="60600467"/>
						<SP ID="P178_SP00091" HPOS="694" VPOS="982" WIDTH="31"/>
						<String ID="P178_ST00106" HPOS="725" VPOS="942" WIDTH="81" HEIGHT="40" CONTENT="Nile," WC="0.78" CC="04501"/>
						<SP ID="P178_SP00092" HPOS="806" VPOS="982" WIDTH="32"/>
						<String ID="P178_ST00107" HPOS="838" VPOS="943" WIDTH="56" HEIGHT="31" CONTENT="but" WC="0.55" CC="750"/>
						<SP ID="P178_SP00093" HPOS="894" VPOS="982" WIDTH="31"/>
						<String ID="P178_ST00108" HPOS="925" VPOS="942" WIDTH="21" HEIGHT="31" CONTENT="it" WC="0.75" CC="40"/>
					</TextLine>
					<TextLine ID="P178_TL00016" HPOS="118" VPOS="1002" WIDTH="828" HEIGHT="43">
						<String ID="P178_ST00109" HPOS="118" VPOS="1013" WIDTH="63" HEIGHT="20" CONTENT="was" WC="0.83" CC="005"/>
						<SP ID="P178_SP00094" HPOS="181" VPOS="1033" WIDTH="23"/>
						<String ID="P178_ST00110" HPOS="204" VPOS="1002" WIDTH="122" HEIGHT="41" CONTENT="equally" WC="0.78" CC="0054040"/>
						<SP ID="P178_SP00095" HPOS="326" VPOS="1043" WIDTH="24"/>
						<String ID="P178_ST00111" HPOS="350" VPOS="1003" WIDTH="192" HEIGHT="40" CONTENT="mysterious." WC="0.77" CC="00530600730"/>
						<SP ID="P178_SP00096" HPOS="542" VPOS="1043" WIDTH="48"/>
						<String ID="P178_ST00112" HPOS="590" VPOS="1003" WIDTH="67" HEIGHT="32" CONTENT="The" WC="0.67" CC="072"/>
						<SP ID="P178_SP00097" HPOS="657" VPOS="1043" WIDTH="17"/>
						<String ID="P178_ST00113" HPOS="674" VPOS="1003" WIDTH="123" HEIGHT="42" CONTENT="enigma" WC="0.65" CC="066007"/>
						<SP ID="P178_SP00098" HPOS="797" VPOS="1045" WIDTH="16"/>
						<String ID="P178_ST00114" HPOS="813" VPOS="1015" WIDTH="65" HEIGHT="20" CONTENT="was" WC="0.91" CC="002"/>
						<SP ID="P178_SP00099" HPOS="878" VPOS="1045" WIDTH="15"/>
						<String ID="P178_ST00115" HPOS="893" VPOS="1003" WIDTH="53" HEIGHT="33" CONTENT="the" WC="0.64" CC="370"/>
					</TextLine>
					<TextLine ID="P178_TL00017" HPOS="118" VPOS="1063" WIDTH="828" HEIGHT="44">
						<String ID="P178_ST00116" HPOS="118" VPOS="1074" WIDTH="92" HEIGHT="29" CONTENT="same," WC="0.89" CC="40000"/>
						<SP ID="P178_SP00100" HPOS="210" VPOS="1103" WIDTH="25"/>
						<String ID="P178_ST00117" HPOS="235" VPOS="1063" WIDTH="53" HEIGHT="31" CONTENT="but" WC="0.62" CC="325"/>
						<SP ID="P178_SP00101" HPOS="288" VPOS="1103" WIDTH="32"/>
						<String ID="P178_ST00118" HPOS="320" VPOS="1063" WIDTH="52" HEIGHT="32" CONTENT="the" WC="0.74" CC="070"/>
						<SP ID="P178_SP00102" HPOS="372" VPOS="1103" WIDTH="31"/>
						<String ID="P178_ST00119" HPOS="403" VPOS="1064" WIDTH="127" HEIGHT="31" CONTENT="modern" WC="0.72" CC="900051"/>
						<SP ID="P178_SP00103" HPOS="530" VPOS="1103" WIDTH="31"/>
						<String ID="P178_ST00120" HPOS="561" VPOS="1064" WIDTH="131" HEIGHT="42" CONTENT="enigma," WC="0.64" CC="0750470"/>
						<SP ID="P178_SP00104" HPOS="692" VPOS="1106" WIDTH="34"/>
						<String ID="P178_ST00121" HPOS="726" VPOS="1064" WIDTH="127" HEIGHT="43" CONTENT="dreamy" WC="0.90" CC="050000"/>
						<SP ID="P178_SP00105" HPOS="853" VPOS="1107" WIDTH="31"/>
						<String ID="P178_ST00122" HPOS="884" VPOS="1065" WIDTH="62" HEIGHT="32" CONTENT="and" WC="0.83" CC="050"/>
					</TextLine>
					<TextLine ID="P178_TL00018" HPOS="117" VPOS="1124" WIDTH="827" HEIGHT="44">
						<String ID="P178_ST00123" HPOS="117" VPOS="1124" WIDTH="131" HEIGHT="31" CONTENT="restless." WC="0.69" CC="607020560"/>
						<SP ID="P178_SP00106" HPOS="248" VPOS="1155" WIDTH="63"/>
						<String ID="P178_ST00124" HPOS="311" VPOS="1125" WIDTH="28" HEIGHT="30" CONTENT="It" WC="1.00" CC="00"/>
						<SP ID="P178_SP00107" HPOS="339" VPOS="1155" WIDTH="39"/>
						<String ID="P178_ST00125" HPOS="378" VPOS="1136" WIDTH="63" HEIGHT="20" CONTENT="Avas" WC="0.65" CC="9004"/>
						<SP ID="P178_SP00108" HPOS="441" VPOS="1156" WIDTH="31"/>
						<String ID="P178_ST00126" HPOS="472" VPOS="1125" WIDTH="174" HEIGHT="42" CONTENT="something" WC="0.69" CC="020057480"/>
						<SP ID="P178_SP00109" HPOS="646" VPOS="1167" WIDTH="29"/>
						<String ID="P178_ST00127" HPOS="675" VPOS="1138" WIDTH="62" HEIGHT="30" CONTENT="you" WC="0.79" CC="006"/>
						<SP ID="P178_SP00110" HPOS="737" VPOS="1168" WIDTH="32"/>
						<String ID="P178_ST00128" HPOS="769" VPOS="1127" WIDTH="90" HEIGHT="31" CONTENT="could" WC="0.76" CC="00740"/>
						<SP ID="P178_SP00111" HPOS="859" VPOS="1168" WIDTH="31"/>
						<String ID="P178_ST00129" HPOS="890" VPOS="1132" WIDTH="54" HEIGHT="27" CONTENT="not" WC="0.99" CC="000"/>
					</TextLine>
					<TextLine ID="P178_TL00019" HPOS="117" VPOS="1185" WIDTH="829" HEIGHT="45">
						<String ID="P178_ST00130" HPOS="117" VPOS="1185" WIDTH="88" HEIGHT="31" CONTENT="make" WC="0.77" CC="0800"/>
						<SP ID="P178_SP00112" HPOS="205" VPOS="1216" WIDTH="33"/>
						<String ID="P178_ST00131" HPOS="238" VPOS="1190" WIDTH="62" HEIGHT="35" CONTENT="out," WC="0.56" CC="0564"/>
						<SP ID="P178_SP00113" HPOS="300" VPOS="1225" WIDTH="31"/>
						<String ID="P178_ST00132" HPOS="331" VPOS="1186" WIDTH="59" HEIGHT="31" CONTENT="and" WC="0.76" CC="070"/>
						<SP ID="P178_SP00114" HPOS="390" VPOS="1225" WIDTH="31"/>
						<String ID="P178_ST00133" HPOS="421" VPOS="1186" WIDTH="108" HEIGHT="41" CONTENT="which," WC="0.75" CC="060070"/>
						<SP ID="P178_SP00115" HPOS="529" VPOS="1227" WIDTH="30"/>
						<String ID="P178_ST00134" HPOS="559" VPOS="1186" WIDTH="45" HEIGHT="32" CONTENT="for" WC="0.78" CC="006"/>
						<SP ID="P178_SP00116" HPOS="604" VPOS="1227" WIDTH="27"/>
						<String ID="P178_ST00135" HPOS="631" VPOS="1187" WIDTH="68" HEIGHT="32" CONTENT="that" WC="0.63" CC="1705"/>
						<SP ID="P178_SP00117" HPOS="699" VPOS="1227" WIDTH="22"/>
						<String ID="P178_ST00136" HPOS="721" VPOS="1199" WIDTH="77" HEIGHT="31" CONTENT="very" WC="0.86" CC="5000"/>
						<SP ID="P178_SP00118" HPOS="798" VPOS="1230" WIDTH="26"/>
						<String ID="P178_ST00137" HPOS="824" VPOS="1200" WIDTH="122" HEIGHT="27" CONTENT="reason,." WC="0.68" CC="50040743"/>
					</TextLine>
					<TextLine ID="P178_TL00020" HPOS="117" VPOS="1246" WIDTH="238" HEIGHT="40">
						<String ID="P178_ST00138" HPOS="117" VPOS="1246" WIDTH="147" HEIGHT="31" CONTENT="attracted" WC="0.92" CC="000110400"/>
						<SP ID="P178_SP00119" HPOS="264" VPOS="1277" WIDTH="23"/>
						<String ID="P178_ST00139" HPOS="287" VPOS="1257" WIDTH="68" HEIGHT="29" CONTENT="you." WC="0.82" CC="0070"/>
					</TextLine>
				</TextBlock>
				<TextBlock ID="P178_TB00005" HPOS="115" VPOS="1307" WIDTH="830" HEIGHT="287" STYLEREFS="TXT_1 PAR_LEFT">
					<TextLine ID="P178_TL00021" HPOS="161" VPOS="1307" WIDTH="783" HEIGHT="43">
						<String ID="P178_ST00140" HPOS="161" VPOS="1307" WIDTH="148" HEIGHT="33" CONTENT="Claudine" WC="0.75" CC="55060200"/>
						<SP ID="P178_SP00120" HPOS="309" VPOS="1340" WIDTH="24"/>
						<String ID="P178_ST00141" HPOS="333" VPOS="1319" WIDTH="63" HEIGHT="20" CONTENT="was" WC="0.84" CC="004"/>
						<SP ID="P178_SP00121" HPOS="396" VPOS="1340" WIDTH="24"/>
						<String ID="P178_ST00142" HPOS="420" VPOS="1307" WIDTH="114" HEIGHT="43" CONTENT="draped" WC="0.86" CC="025000"/>
						<SP ID="P178_SP00122" HPOS="534" VPOS="1350" WIDTH="21"/>
						<String ID="P178_ST00143" HPOS="555" VPOS="1308" WIDTH="31" HEIGHT="32" CONTENT="in" WC="0.42" CC="55"/>
						<SP ID="P178_SP00123" HPOS="586" VPOS="1350" WIDTH="23"/>
						<String ID="P178_ST00144" HPOS="609" VPOS="1309" WIDTH="53" HEIGHT="32" CONTENT="the" WC="0.62" CC="370"/>
						<SP ID="P178_SP00124" HPOS="662" VPOS="1350" WIDTH="16"/>
						<String ID="P178_ST00145" HPOS="678" VPOS="1310" WIDTH="86" HEIGHT="32" CONTENT="thick" WC="0.55" CC="17463"/>
						<SP ID="P178_SP00125" HPOS="764" VPOS="1350" WIDTH="21"/>
						<String ID="P178_ST00146" HPOS="785" VPOS="1311" WIDTH="78" HEIGHT="32" CONTENT="folds" WC="0.83" CC="20005"/>
						<SP ID="P178_SP00126" HPOS="863" VPOS="1350" WIDTH="18"/>
						<String ID="P178_ST00147" HPOS="881" VPOS="1312" WIDTH="34" HEIGHT="31" CONTENT="of" WC="1.00" CC="00"/>
						<SP ID="P178_SP00127" HPOS="915" VPOS="1350" WIDTH="11"/>
						<String ID="P178_ST00148" HPOS="926" VPOS="1324" WIDTH="18" HEIGHT="20" CONTENT="a" WC="1.00" CC="0"/>
					</TextLine>
					<TextLine ID="P178_TL00022" HPOS="117" VPOS="1366" WIDTH="827" HEIGHT="45">
						<String ID="P178_ST00149" HPOS="117" VPOS="1368" WIDTH="91" HEIGHT="32" CONTENT="violet" WC="0.68" CC="730502"/>
						<SP ID="P178_SP00128" HPOS="208" VPOS="1400" WIDTH="36"/>
						<String ID="P178_ST00150" HPOS="244" VPOS="1369" WIDTH="127" HEIGHT="32" CONTENT="damask" WC="0.85" CC="000062"/>
						<SP ID="P178_SP00129" HPOS="371" VPOS="1401" WIDTH="32"/>
						<String ID="P178_ST00151" HPOS="403" VPOS="1369" WIDTH="84" HEIGHT="32" CONTENT="dress" WC="0.67" CC="05045"/>
						<String ID="P178_ST00152" HPOS="501" VPOS="1384" WIDTH="7" HEIGHT="27" CONTENT=";" WC="0.34" CC="6"/>
						<SP ID="P178_SP00130" HPOS="508" VPOS="1411" WIDTH="31"/>
						<String ID="P178_ST00153" HPOS="539" VPOS="1366" WIDTH="54" HEIGHT="36" CONTENT="she" WC="0.53" CC="570"/>
						<SP ID="P178_SP00131" HPOS="593" VPOS="1411" WIDTH="27"/>
						<String ID="P178_ST00154" HPOS="620" VPOS="1371" WIDTH="62" HEIGHT="32" CONTENT="had" WC="0.75" CC="700"/>
						<SP ID="P178_SP00132" HPOS="682" VPOS="1411" WIDTH="31"/>
						<String ID="P178_ST00155" HPOS="713" VPOS="1384" WIDTH="39" HEIGHT="20" CONTENT="no" WC="0.65" CC="42"/>
						<SP ID="P178_SP00133" HPOS="752" VPOS="1411" WIDTH="24"/>
						<String ID="P178_ST00156" HPOS="776" VPOS="1373" WIDTH="168" HEIGHT="33" CONTENT="headdress" WC="0.77" CC="710005033"/>
					</TextLine>
					<TextLine ID="P178_TL00023" HPOS="117" VPOS="1429" WIDTH="828" HEIGHT="43">
						<String ID="P178_ST00157" HPOS="117" VPOS="1440" WIDTH="72" HEIGHT="21" CONTENT="save" WC="0.55" CC="6560"/>
						<SP ID="P178_SP00134" HPOS="189" VPOS="1461" WIDTH="15"/>
						<String ID="P178_ST00158" HPOS="204" VPOS="1429" WIDTH="56" HEIGHT="32" CONTENT="her" WC="0.51" CC="715"/>
						<SP ID="P178_SP00135" HPOS="260" VPOS="1461" WIDTH="18"/>
						<String ID="P178_ST00159" HPOS="278" VPOS="1441" WIDTH="68" HEIGHT="20" CONTENT="OAvn" WC="0.89" CC="1003"/>
						<SP ID="P178_SP00136" HPOS="346" VPOS="1461" WIDTH="20"/>
						<String ID="P178_ST00160" HPOS="366" VPOS="1429" WIDTH="57" HEIGHT="33" CONTENT="fair" WC="0.78" CC="0053"/>
						<SP ID="P178_SP00137" HPOS="423" VPOS="1462" WIDTH="19"/>
						<String ID="P178_ST00161" HPOS="442" VPOS="1430" WIDTH="74" HEIGHT="42" CONTENT="hair," WC="0.60" CC="70444"/>
						<SP ID="P178_SP00138" HPOS="516" VPOS="1472" WIDTH="24"/>
						<String ID="P178_ST00162" HPOS="540" VPOS="1431" WIDTH="101" HEIGHT="33" CONTENT="Avhich" WC="0.69" CC="007307"/>
						<SP ID="P178_SP00139" HPOS="641" VPOS="1472" WIDTH="21"/>
						<String ID="P178_ST00163" HPOS="662" VPOS="1433" WIDTH="169" HEIGHT="33" CONTENT="undulated" WC="0.65" CC="560517310"/>
						<SP ID="P178_SP00140" HPOS="831" VPOS="1472" WIDTH="22"/>
						<String ID="P178_ST00164" HPOS="853" VPOS="1440" WIDTH="92" HEIGHT="27" CONTENT="natu" SUBS_TYPE="HypPart1" SUBS_CONTENT="naturally," WC="0.73" CC="40034"/>
						<HYP CONTENT="-"/>
					</TextLine>
					<TextLine ID="P178_TL00024" HPOS="117" VPOS="1490" WIDTH="826" HEIGHT="48">
						<String ID="P178_ST00165" HPOS="117" VPOS="1490" WIDTH="87" HEIGHT="41" CONTENT="rally," SUBS_TYPE="HypPart2" SUBS_CONTENT="naturally," WC="0.72" CC="552002"/>
						<SP ID="P178_SP00141" HPOS="204" VPOS="1531" WIDTH="12"/>
						<String ID="P178_ST00166" HPOS="216" VPOS="1490" WIDTH="61" HEIGHT="31" CONTENT="and" WC="0.75" CC="070"/>
						<SP ID="P178_SP00142" HPOS="277" VPOS="1531" WIDTH="11"/>
						<String ID="P178_ST00167" HPOS="288" VPOS="1490" WIDTH="101" HEIGHT="33" CONTENT="which" WC="0.51" CC="07637"/>
						<SP ID="P178_SP00143" HPOS="389" VPOS="1531" WIDTH="10"/>
						<String ID="P178_ST00168" HPOS="399" VPOS="1501" WIDTH="94" HEIGHT="33" CONTENT="every" WC="0.63" CC="74060"/>
						<SP ID="P178_SP00144" HPOS="493" VPOS="1534" WIDTH="10"/>
						<String ID="P178_ST00169" HPOS="503" VPOS="1504" WIDTH="70" HEIGHT="19" CONTENT="noAv" WC="0.81" CC="3300"/>
						<SP ID="P178_SP00145" HPOS="573" VPOS="1534" WIDTH="16"/>
						<String ID="P178_ST00170" HPOS="589" VPOS="1494" WIDTH="61" HEIGHT="31" CONTENT="and" WC="0.52" CC="770"/>
						<SP ID="P178_SP00146" HPOS="650" VPOS="1534" WIDTH="10"/>
						<String ID="P178_ST00171" HPOS="660" VPOS="1495" WIDTH="75" HEIGHT="31" CONTENT="then" WC="0.46" CC="6707"/>
						<SP ID="P178_SP00147" HPOS="735" VPOS="1534" WIDTH="10"/>
						<String ID="P178_ST00172" HPOS="745" VPOS="1495" WIDTH="53" HEIGHT="32" CONTENT="the" WC="0.43" CC="277"/>
						<SP ID="P178_SP00148" HPOS="798" VPOS="1534" WIDTH="13"/>
						<String ID="P178_ST00173" HPOS="811" VPOS="1501" WIDTH="132" HEIGHT="37" CONTENT="vagrant" WC="0.71" CC="4006080"/>
					</TextLine>
					<TextLine ID="P178_TL00025" HPOS="116" VPOS="1550" WIDTH="753" HEIGHT="44">
						<String ID="P178_ST00174" HPOS="116" VPOS="1550" WIDTH="82" HEIGHT="32" CONTENT="wind" WC="0.24" CC="9279"/>
						<SP ID="P178_SP00149" HPOS="198" VPOS="1582" WIDTH="15"/>
						<String ID="P178_ST00175" HPOS="213" VPOS="1550" WIDTH="86" HEIGHT="32" CONTENT="lifted" WC="0.86" CC="620000"/>
						<SP ID="P178_SP00150" HPOS="299" VPOS="1582" WIDTH="17"/>
						<String ID="P178_ST00176" HPOS="316" VPOS="1551" WIDTH="77" HEIGHT="32" CONTENT="from" WC="0.62" CC="0518"/>
						<SP ID="P178_SP00151" HPOS="393" VPOS="1583" WIDTH="17"/>
						<String ID="P178_ST00177" HPOS="410" VPOS="1552" WIDTH="51" HEIGHT="32" CONTENT="the" WC="0.75" CC="070"/>
						<SP ID="P178_SP00152" HPOS="461" VPOS="1584" WIDTH="16"/>
						<String ID="P178_ST00178" HPOS="477" VPOS="1554" WIDTH="70" HEIGHT="40" CONTENT="pale" WC="0.99" CC="0000"/>
						<SP ID="P178_SP00153" HPOS="547" VPOS="1594" WIDTH="16"/>
						<String ID="P178_ST00179" HPOS="563" VPOS="1555" WIDTH="197" HEIGHT="33" CONTENT="blue-veined" WC="0.64" CC="75600705600"/>
						<SP ID="P178_SP00154" HPOS="760" VPOS="1594" WIDTH="17"/>
						<String ID="P178_ST00180" HPOS="777" VPOS="1557" WIDTH="92" HEIGHT="32" CONTENT="broAv." WC="0.82" CC="062001"/>
					</TextLine>
				</TextBlock>
			</PrintSpace>
		</Page>
	</Layout>
</alto>
