1090 1740
393 109 68 22 TWO
485 110 155 21 MOTHERS.

875 104 52 26 101

108 185 121 33 meddle
260 186 31 32 in
326 186 83 33 what
448 187 72 32 does
557 192 52 27 not
640 200 129 20 concern
800 188 62 40 her,
895 200 32 19 or

109 246 134 42 imagine
273 247 70 33 that
364 248 53 32 she
444 260 57 20 can
525 249 134 32 exercise
684 260 18 21 a
728 249 61 32 will
817 249 33 32 of
874 249 53 32 her

110 320 68 20 own
181 327 42 5 —
256 310 153 42 (Madame
426 310 36 32 de
489 310 182 33 Beauvoisin
691 310 65 33 said
778 310 60 33 this
858 310 31 32 in
910 322 17 20 a

109 375 72 27 tone
198 371 34 32 of
254 371 333 43 semi-compassionate
608 373 138 41 warning
768 384 83 20 more
868 372 59 32 dis-

109 432 159 41 agreeable
291 432 73 33 than
385 444 60 31 any
462 437 86 28 overt
564 433 136 42 menace)
705 453 42 3 —
781 434 23 31 it
826 432 101 33 would

109 493 95 42 really
221 493 38 32 be
288 505 17 20 a
329 494 75 42 pity.
450 495 67 31 Her
537 496 80 30 son's
637 494 119 32 fortune
778 499 84 27 must
879 495 47 40 be,

109 553 88 33 when
228 554 38 32 he
292 566 101 20 comes
421 555 34 31 of
477 567 68 30 age,
571 555 53 32 the
652 555 109 32 double
792 555 35 32 of
845 555 82 31 what

110 614 140 33 Olivier's
266 627 71 20 now
352 616 34 41 is,
404 616 61 31 and
485 616 24 32 it
531 616 25 32 is
578 629 52 29 my
647 616 233 32 determination
895 621 32 26 to

108 676 90 32 make
213 676 24 32 it
260 688 33 21 so
304 690 7 27 ;
327 677 55 31 but
397 677 16 31 I
428 688 89 20 mean
537 681 32 27 to
586 681 46 27 set
648 682 32 27 to
691 677 84 31 work
791 689 53 30 my
860 689 65 20 own

109 749 77 29 way,
204 749 34 20 as
254 738 16 31 I
285 738 79 31 have
381 738 113 40 always
511 738 77 31 done

186 798 135 42 Talking
346 798 33 31 of
524 799 175 41 interposed
722 798 142 32 Madame
890 799 37 31 de

111 859 163 40 Clavreuil,
292 859 128 42 rapidly,
434 859 60 31 and
510 871 32 19 as
559 859 117 42 though
692 858 54 32 she
762 871 79 20 were
857 859 70 42 glad

111 925 32 26 to
160 924 71 27 turn
255 920 52 31 the
329 920 212 32 conversation
561 920 63 31 into
646 920 127 31 another
793 921 59 31 and
868 921 59 31 less

111 981 143 42 personal
280 981 137 41 channel,
472 981 81 31 what
580 981 38 31 do
641 993 61 29 you
725 981 73 32 hear
813 982 34 31 of
868 982 59 31 this

111 1041 227 42 extraordinary
355 1042 111 31 liaison
487 1041 35 32 of
539 1053 76 30 your
627 1041 195 33 brother's?"
868 1043 59 31 We

110 1103 77 31 shall
215 1114 50 20 see
292 1114 74 20 soon
393 1103 67 31 that
491 1102 61 32 this
576 1102 93 32 refers
699 1107 32 27 to
755 1103 171 32 Madeleine

108 1164 128 42 Raynal,
266 1164 99 31 whom
391 1176 46 20 we
463 1163 53 33 left
540 1164 125 41 looking
687 1163 47 32 for
754 1164 118 42 charity
894 1165 32 31 in

106 1225 54 32 the
177 1224 139 32 mansion
337 1224 34 32 of
390 1225 102 31 Baron
514 1224 37 31 de
573 1225 191 40 Sauveterre,
782 1225 59 31 and
857 1225 69 31 who

108 1287 25 31 is
156 1298 70 20 now
246 1286 176 31 befriended
447 1286 41 41 by
514 1285 52 32 the
592 1285 138 41 Marquis
751 1286 37 31 de
804 1287 123 31 Moran-

109 1359 63 31 ges.
301 1347 25 31 it
347 1351 67 27 true
437 1346 67 32 that
527 1346 38 32 he
590 1346 140 32 commits
753 1346 53 32 the
829 1347 96 32 follies

106 1409 70 33 that
198 1408 109 42 people

150 1470 144 33 Madame
310 1469 38 32 de
365 1468 206 33 Beauvoisin's
590 1468 85 31 brow
690 1467 161 42 darkened,
866 1470 59 32 and

105 1546 40 20 an
161 1531 127 42 unquiet
303 1530 79 43 light
397 1530 115 32 flashed
528 1530 77 31 from
620 1529 96 33 under
731 1529 54 33 her
801 1531 122 42 eyelids.
