1090 1740
370 99 42 21 LA
434 99 171 22 TRAVIATA.

858 96 52 25 127

88 184 75 20 once
179 173 109 34 looked
307 180 33 27 at
362 175 72 41 him,
451 175 142 44 keeping,
618 188 39 20 on
681 176 53 33 the
757 182 149 38 contrary,

87 233 56 33 her
159 235 83 41 glass
258 236 116 32 riveted
386 241 32 27 to
435 236 55 32 her
506 248 80 29 eyes.

162 294 123 33 What's
315 295 65 32 that
403 297 104 40 you're
540 297 108 42 saying
659 298 13 32 ?
730 297 178 41 demanded,

89 354 160 43 suddenly,
266 356 53 32 the
345 357 139 41 Marquis
507 357 38 33 de
572 358 165 43 Moranges
754 359 34 32 of
808 371 18 19 a
841 360 69 31 fair-

87 416 107 32 haired
224 429 104 30 young
357 418 186 41 gentleman,
575 419 69 32 Avho
674 432 64 20 was
768 421 142 41 standing

88 478 115 32 behind
219 479 71 40 him,
308 479 119 42 talking
441 484 32 28 to
490 479 99 33 Henri
605 481 133 41 Dupont.

164 540 16 31 I
195 551 63 21 was
281 541 110 42 saying
407 541 69 32 how
499 542 102 32 divine
624 543 50 31 the
690 543 123 32 Nilsson
836 544 25 31 is
876 544 31 31 in

87 600 53 33 the
155 607 70 35 part
241 601 34 32 of

162 661 83 33 Hein
256 663 14 31 ?
316 663 132 31 retorted
463 663 43 33 M.
525 664 37 31 de
574 663 172 41 Moranges.

164 724 93 40 Well,
285 724 39 31 he
356 724 64 32 said
619 726 158 31 remarked
808 726 100 32 Count

88 785 138 42 Dupont,
244 785 104 42 laying
363 785 47 32 his
429 785 82 32 hand
531 786 256 42 good-naturedly
803 799 38 19 on
856 787 52 31 the

88 847 120 40 youth's
225 846 157 41 shoulder;
518 847 25 31 is
566 858 18 20 a
606 851 78 28 term
700 847 162 41 permitted
877 847 31 31 in

88 907 54 31 the
158 907 186 41 vocabulary
360 907 34 31 of
404 907 51 31 the
471 907 96 41 rising

437 968 127 31 sneered
584 968 50 32 the
654 968 134 41 Marquis
800 981 7 28 ;
863 969 44 31 for

87 1030 25 32 it
137 1029 27 32 is
189 1041 18 20 a
232 1029 179 41 generation
429 1028 142 42 glorying
597 1028 32 31 in
656 1028 175 41 anomalies,
849 1029 58 31 and

87 1092 107 40 taking
220 1091 130 41 nothing
376 1102 34 20 as
440 1090 23 31 it
490 1090 33 32 is.
570 1090 32 31 If
628 1101 18 20 a
675 1101 72 20 man
772 1090 88 41 plays
890 1101 17 20 a

87 1152 96 32 violin
198 1164 61 30 you
273 1163 53 30 say
341 1151 22 32 it
379 1151 25 31 is
419 1151 60 31 like
501 1162 19 20 a
542 1150 75 32 flute
631 1164 6 27 ;
661 1150 26 31 if
705 1162 18 19 a
741 1150 166 41 ballet-girl

89 1213 112 33 dances
217 1213 69 32 well
301 1224 61 30 you
378 1224 55 30 say
448 1212 50 32 it's
513 1212 60 31 like
589 1212 105 40 music,
710 1223 33 20 or
758 1211 148 42 painting,

89 1286 33 21 or
149 1274 173 41 something
346 1274 61 32 else
418 1286 7 28 ;
449 1273 61 32 and
533 1273 81 40 here,
639 1273 98 40 again,
755 1272 75 31 with
855 1272 52 32 the

87 1335 136 33 Nilsson.
270 1335 71 31 You
363 1334 57 31 call
443 1334 54 31 her
520 1333 101 31 divine
623 1352 43 3 —
667 1333 143 40 granted;
843 1333 64 32 I've

87 1408 40 21 no
159 1395 151 42 objection
341 1394 163 32 whatever.
560 1394 16 31 I
606 1393 72 32 dare
713 1405 54 29 say
798 1393 54 32 she
882 1394 25 31 is

87 1458 110 40 divine,
216 1456 127 42 angelic,
361 1456 150 42 anything
526 1467 61 30 you
602 1455 110 32 choose
724 1467 7 28 ;
755 1454 55 32 but
826 1454 80 33 she's

86 1524 55 27 not
157 1519 52 31 the
