1090 1740
305 103 106 22 ALONE
434 103 35 22 IN
491 104 63 21 THE
577 105 118 21 WORLD.

873 101 35 25 49

88 179 80 31 sand
183 179 130 33 chances
329 180 160 33 attendant
504 192 82 31 upon
609 180 52 33 the
678 180 186 33 subdivision
880 182 32 31 of

90 241 111 32 landed
232 246 146 38 property
399 241 32 32 in
453 241 127 41 France,
604 242 60 32 had
688 242 125 32 become
839 255 70 30 pos-

88 302 106 31 sessed
210 302 34 32 of
254 302 53 32 the
324 302 106 42 family
440 307 108 36 estate,
559 307 32 28 to
607 302 84 33 leave
707 303 85 32 these
807 308 102 38 pater-

89 362 51 31 nal
156 373 85 22 acres
256 367 31 27 to
308 362 53 33 the
381 374 72 21 man
469 362 68 33 who
560 363 61 32 had
636 364 146 32 achieved
798 366 110 31 wealth

89 423 148 33 sufficient
260 429 32 27 to
315 423 38 33 do
375 423 87 33 them
485 423 126 33 honour.
666 426 44 31 At
731 425 53 32 the
807 426 99 41 death,

88 484 159 40 therefore,
265 484 34 32 of
310 484 47 33 his
374 485 114 41 cousin,
506 486 87 31 Ren6
616 486 36 31 de
676 486 153 32 Clavreuil
845 498 63 20 was

87 545 100 32 raised
210 556 77 22 even
313 557 85 21 more
424 545 32 33 in
476 545 48 33 his
548 558 69 20 own
641 550 113 28 esteem
780 546 76 32 than
877 546 30 32 in

87 605 68 33 that
171 605 34 33 of
224 605 104 33 others
340 620 8 27 ;
370 606 47 32 for
439 607 39 32 he
494 619 64 20 was
580 607 162 42 possessed
764 607 35 31 of
819 607 87 32 terri-

87 666 88 33 torial
190 666 120 33 fortune
326 667 31 32 in
372 667 47 32 his
440 680 69 20 own
532 668 90 42 right,
641 669 59 31 and
719 668 125 32 became
859 668 47 31 his

87 728 95 32 wife's
200 728 98 42 equal,
316 728 100 32 which
431 729 26 31 is
473 729 113 42 always
602 740 19 20 a
641 729 138 42 pleasant
794 729 113 42 feeling

86 788 47 32 for
149 800 18 21 a
182 789 177 41 gentleman
359 809 43 2 —
403 788 61 33 and
480 789 102 32 Count
596 789 87 32 R6ne
699 789 37 32 de
753 788 154 33 Clavreuil

88 860 63 21 was
182 861 19 20 a
241 850 183 41 gentleman.
486 850 50 32 He
571 861 62 20 was
664 850 158 41 decidedly
850 854 56 27 not

88 909 143 40 brilliant,
244 921 33 20 or
293 910 31 31 in
336 921 61 31 any
407 922 68 30 way
490 910 101 32 clever
602 924 6 27 ;
625 921 94 21 never
734 910 61 32 had
812 910 64 32 said
888 921 18 21 a

87 970 80 42 good
182 970 89 43 thing
280 971 30 31 in
326 971 40 32 all
381 971 47 32 his
444 971 59 40 life,
518 971 61 32 and
589 982 64 21 was
665 971 74 32 slow
755 975 29 28 at
795 983 110 30 appre-

85 1031 118 42 ciating
221 1030 87 34 those
332 1031 66 33 said
420 1031 42 43 by
489 1031 102 33 others
605 1045 6 27 ;
635 1032 55 32 but
712 1031 37 32 he
766 1043 62 20 was
850 1036 55 28 not

84 1091 143 33 deficient
239 1092 31 32 in
275 1091 166 43 judgment
453 1104 33 20 or
497 1104 88 20 sense
597 1105 7 28 ;
616 1103 62 21 was
689 1092 130 43 upright,
828 1092 74 42 just,

83 1153 62 32 and
160 1153 84 32 what
264 1153 108 43 people
388 1153 69 32 who
468 1153 92 32 dread
571 1153 181 43 superiority
769 1154 33 31 of
812 1165 92 31 every

84 1215 75 31 kind
189 1214 118 43 delight
344 1215 31 31 in
413 1214 230 42 denominating
673 1214 228 42 right-minded.

84 1277 43 31 M.
154 1276 37 31 de
218 1275 178 33 Clavreuil's
420 1287 63 20 was
499 1287 57 20 one
584 1275 34 32 of
637 1275 88 32 those
749 1275 151 41 negative,

83 1336 265 42 non-conducting
366 1340 133 37 natures,
521 1335 68 32 that
607 1346 72 31 may
701 1335 124 32 become
850 1335 52 32 the

82 1402 106 28 centre
215 1397 33 32 of
264 1397 52 32 the
338 1402 82 27 most
442 1402 177 37 portentous
644 1401 106 27 events
776 1396 126 33 without

83 1471 73 21 ever
178 1458 170 42 foreseeing
370 1458 93 41 them,
481 1470 34 20 or
538 1469 71 21 ever
632 1457 169 43 fathoming
823 1458 78 32 their

82 1521 146 41 meaning
243 1532 77 21 even
337 1520 77 32 after
428 1519 72 42 they
515 1519 79 33 have
610 1519 93 32 taken
719 1519 93 42 place.

138 1588 52 15 VOL.
209 1588 13 15 I.

805 1588 11 13 E
