1090 1740
877 99 33 25 37

343 101 60 22 OUT
426 101 42 22 ON
491 102 62 21 THE
576 102 92 22 ROAD.

94 177 38 32 its
162 177 124 41 mantle,
317 177 46 32 for
392 177 24 33 it
447 189 62 21 was
539 184 54 26 not
623 179 91 32 much
752 191 72 21 over
854 180 58 32 five

94 238 123 42 o'clock,
234 239 57 32 but
312 238 51 33 the
388 239 258 43 foreshadowings
672 241 33 32 of
723 241 88 42 night
833 253 79 20 were

94 301 133 42 gloomy.
273 301 100 42 Large
389 313 116 21 masses
521 302 34 32 of
572 303 91 32 black
679 304 105 32 clouds
805 304 108 32 drifted

96 372 103 20 across
222 360 52 32 the
290 361 58 42 sky
363 361 59 32 like
444 367 69 26 rent
536 362 153 42 draperies
713 363 34 32 of
765 375 19 20 a
798 363 117 33 funeral

96 421 70 43 pall,
184 421 101 32 whilst
299 422 133 32 towards
456 423 51 32 the
532 423 125 32 horizon
678 424 85 32 there
779 424 136 42 lingered

98 494 38 20 on
153 482 68 42 pale
239 482 118 32 streaks
374 482 33 32 of
427 483 94 42 dying
536 484 69 42 day,
622 484 68 32 that
705 496 79 20 were
807 484 110 32 indeed

98 543 133 42 ghastly.
278 543 66 32 The
360 544 82 32 wind
464 544 132 32 moaned
618 544 61 32 and
700 544 146 41 whistled,
863 548 54 28 not

99 604 114 42 having
239 609 53 37 yet
316 604 81 32 risen
427 605 64 31 into
518 605 77 42 fury,
622 605 60 32 and
709 609 97 38 swept
832 605 85 41 sadly

97 677 75 20 over
187 666 52 31 the
256 666 87 31 earth
359 666 73 32 with
456 667 68 31 that
543 667 134 42 peculiar
700 671 71 28 tone
791 667 25 31 it
830 667 87 31 takes

99 727 89 31 when
216 727 157 42 sweeping
394 740 72 20 over
490 728 72 32 bare
585 727 107 42 plains,
709 728 102 32 where
833 727 85 32 there

101 800 52 20 are
182 799 40 20 no
252 792 89 27 trees.
387 788 66 31 The
484 788 64 31 rain
580 787 49 32 did
666 792 53 27 not
749 788 52 31 fall
830 788 89 31 down

100 849 133 40 straight
257 848 78 31 from
360 848 106 41 above,
483 849 56 31 but
559 848 131 40 seemed,
707 860 33 19 as
758 848 26 31 if
802 848 24 31 it
840 860 79 20 were

102 910 102 31 blown
228 909 92 31 about
344 909 42 41 by
411 909 152 39 handfuls,
591 908 61 31 and
672 907 119 32 thrown
814 913 31 26 at
867 908 52 32 the

103 969 171 43 passer-by,
301 981 72 19 man
400 981 33 19 or
457 969 95 40 beast,
579 967 119 43 fitfully.
752 968 82 32 Ever
861 967 58 33 and

102 1042 90 28 anon,
221 1034 53 27 out
298 1029 158 42 struggled
482 1040 19 21 a
529 1028 89 33 beam
648 1027 35 33 of
711 1027 51 33 the
787 1027 132 43 scarcely

102 1092 81 31 risen
213 1102 101 29 moon,
342 1090 61 31 like
430 1101 18 20 a
474 1094 83 27 mute
587 1088 109 43 appeal
723 1088 120 42 against
868 1088 51 33 the

101 1153 125 33 terrible
258 1152 104 32 clouds
388 1152 66 31 that
480 1163 79 20 were
585 1151 74 31 bent
685 1162 82 31 upon
792 1150 127 42 flinging

101 1214 81 32 their
198 1213 99 32 sables
314 1224 72 20 over
402 1212 40 31 its
457 1211 84 41 light.

147 1275 30 30 A
201 1273 108 32 dismal
333 1272 131 42 evening
479 1271 90 42 truly,
595 1271 61 32 and
679 1282 18 21 a
721 1270 107 33 dismal
845 1270 76 33 form

103 1345 63 20 was
190 1333 69 32 that
286 1332 100 32 which
409 1331 93 33 toiled
525 1342 38 21 on
585 1342 83 31 upon
688 1330 52 32 the
756 1331 73 31 road
839 1344 7 27 ;
870 1331 51 32 the

102 1395 80 32 form
199 1393 33 32 of
249 1393 67 32 that
332 1393 117 43 sloppy,
467 1391 234 43 draggle-tailed
723 1391 67 42 girl,
807 1391 75 32 with
904 1403 17 20 a

101 1456 85 40 dirty
202 1454 97 32 shawl
315 1466 71 20 over
402 1454 54 32 her
471 1453 79 33 head
562 1453 6 32 !

147 1517 64 31 Yes
225 1517 7 31 !
256 1515 170 32 Madeleine
458 1526 61 20 was
551 1513 38 33 all
615 1513 75 33 that.
736 1513 108 32 Before
867 1513 52 33 she
