1090 1740
298 95 106 21 ALONE
427 95 36 22 IN
485 96 64 21 THE
571 96 120 21 WORLD.

870 94 33 26 57

127 169 103 33 Claire
259 170 117 33 winced
407 171 100 41 again,
538 172 60 32 and
627 172 129 33 blushed
787 172 116 41 scarlet,

84 230 61 32 and
168 231 55 32 her
239 232 72 32 wise
337 243 106 31 young
467 233 97 32 friend
579 233 101 33 would
704 233 79 33 have
807 233 98 33 added

83 292 93 32 much
191 305 84 20 more
292 293 149 32 excellent
464 294 115 41 advice,
596 294 61 33 had
682 294 53 33 she
758 299 54 28 not
826 294 79 33 been

85 354 181 31 summoned
281 354 77 32 from
384 354 53 32 the
454 354 86 32 other
556 354 60 33 end
631 354 34 33 of
686 354 53 33 the
757 366 85 21 room
865 354 40 43 by

83 414 57 32 her
172 414 127 33 mother.
348 415 62 33 She
435 415 51 31 did
513 421 61 34 not,
603 415 150 42 however,
789 415 115 43 depart,

82 474 105 32 before
210 475 54 32 she
286 474 71 41 had,
373 472 30 34 in
430 475 55 32 her
512 476 161 42 loquacity,
690 476 93 31 found
800 487 105 21 means

83 536 34 32 of
128 537 154 41 confiding
297 542 32 26 to
347 537 99 32 Claire
471 537 68 32 that
566 537 53 32 she
634 537 62 32 had
719 537 184 40 discovered,

82 596 135 42 through
240 597 55 32 her
317 597 145 32 mother's
491 597 91 40 maid,
612 597 66 32 that
709 608 18 21 a
755 597 150 41 marriage

84 669 63 20 was
162 657 94 41 being
271 658 176 40 negotiated
462 657 46 33 for
523 658 121 32 herself.

159 719 88 42 They
274 719 89 32 think
388 719 15 31 I
426 719 92 32 know
729 719 54 32 she
811 718 93 32 found

82 779 74 32 time
181 784 33 27 to
239 791 64 31 say,
355 780 56 32 but
435 780 15 31 I
470 780 92 32 know
589 780 41 32 all
654 780 67 32 that
744 791 74 30 goes
844 791 39 21 on
896 792 8 28 ;

82 839 53 32 the
152 840 72 41 only
240 840 148 42 difficulty
403 840 27 32 is
446 840 90 33 about
554 842 136 38 150,000
706 840 99 32 francs
821 851 83 21 more

82 905 33 27 to
131 912 53 29 my
200 900 113 42 dowry,
330 901 102 32 which
447 912 81 31 papa
543 901 117 32 doesn't
675 906 82 27 want
777 905 32 28 to
834 901 70 41 give

84 961 108 41 down;
339 962 55 32 she
421 962 108 41 added,
546 962 76 32 with
644 962 150 42 profound
816 973 88 31 saga-

83 1023 71 42 city,
205 1022 69 33 that
289 1023 62 32 will
375 1023 38 33 be
441 1023 117 41 settled,
586 1023 130 33 because
739 1035 81 31 papa
844 1023 60 32 will

81 1089 55 27 not
158 1084 63 32 lose
238 1084 75 32 such
329 1096 18 20 a
369 1096 90 20 name
475 1084 60 32 and
557 1084 132 43 position
703 1084 46 32 for
763 1084 53 32 the
833 1084 71 32 sake

82 1145 34 32 of
128 1147 138 39 150,000
276 1145 100 32 francs
388 1159 7 27 ;
413 1146 68 41 and,
496 1157 39 20 on
550 1145 51 32 the
618 1145 87 32 other
716 1145 90 41 hand,
818 1145 86 32 there

82 1219 51 20 are
157 1206 200 42 deficiencies,
374 1212 52 27 too
438 1220 6 19 :
468 1219 67 30 age,
551 1207 115 41 health,
684 1208 53 31 &c.
750 1220 7 19 :
782 1218 33 20 so
837 1207 67 31 that

81 1268 15 31 I
113 1267 79 32 have
216 1279 41 20 no
283 1267 64 32 fear
372 1272 32 27 at
430 1268 38 31 all
482 1281 7 28 ;
513 1267 24 32 it
561 1267 24 32 is
611 1267 83 42 quite
717 1279 68 20 sure
809 1272 32 27 to
865 1267 39 32 be

82 1327 110 32 settled
205 1328 6 31 !
280 1327 68 41 and,
377 1327 72 32 with
475 1327 67 32 that
568 1327 138 43 pleasant
731 1338 171 29 assurance,

82 1389 61 33 and
169 1389 53 32 the
246 1389 167 42 injunction
437 1393 54 27 not
513 1394 33 26 to
572 1393 80 27 utter
678 1399 18 21 a
726 1387 91 42 word,
850 1387 54 33 she

82 1449 164 35 embraced
261 1448 109 41 Claire,
389 1448 60 33 and
465 1448 128 42 skipped
610 1448 46 33 off.

126 1512 99 33 Claire
243 1511 88 32 stood
347 1510 153 41 musingly
511 1515 31 27 at
557 1521 19 21 a
590 1509 91 41 table,
692 1509 123 42 turning
831 1521 71 21 over
