1090 1740
164 83 34 26 94

396 89 83 21 LOVE
503 89 64 21 THE
589 87 162 23 AVENGER.

162 167 144 43 turbably
340 168 80 41 good
451 166 250 42 understanding,
733 163 69 33 that
832 162 24 33 it
889 162 102 33 Avould

161 231 79 32 have
263 231 77 32 been
363 231 125 31 difficult
510 236 31 27 to
565 230 134 42 imagine
723 239 79 22 even
830 239 18 20 a
872 226 119 33 discus-

161 292 66 32 sion
250 292 114 41 arising
386 293 139 31 between
548 292 93 32 them.

203 354 66 32 The
292 354 109 32 winter
423 354 78 32 after
521 354 79 31 their
622 353 153 41 marriage
794 363 65 20 was
875 350 112 44 passed

159 416 42 42 by
223 416 52 32 the
291 428 105 30 young
412 416 105 42 couple
542 421 30 27 at
588 416 77 32 Nice
677 429 6 27 ;
708 415 60 32 and
784 414 23 31 it
830 425 64 20 was
916 412 71 43 only

158 477 133 33 towards
313 477 53 33 the
381 477 113 33 middle
511 477 34 33 of
556 477 89 43 April
661 477 69 33 that
745 477 74 41 they
839 475 146 33 returned

158 544 32 26 to
213 540 94 30 Paris.

202 601 84 42 Very
309 601 60 32 late
385 613 57 19 one
454 600 88 42 night
560 600 86 32 there
670 612 63 20 was
757 612 18 19 a
794 604 88 38 great
898 599 87 32 noise

158 662 60 31 and
233 662 100 32 bustle
357 666 32 27 at
407 662 52 31 the
476 661 95 32 Hotel
595 661 38 32 de
650 661 188 32 Beauvoisin
850 674 7 27 ;
882 660 102 43 heavy

157 728 87 36 gates
268 735 79 20 were
371 723 118 42 opened
507 723 60 31 and
590 727 165 37 swung-to,
782 722 91 31 doors
900 733 81 20 AA^ere

158 784 155 39 slammed,
330 783 94 42 lights
440 783 112 31 moved
567 783 114 31 behind
698 783 39 31 all
753 783 52 31 the
821 783 160 41 Avindows,

156 845 85 31 there
263 856 62 20 was
347 856 19 20 a
380 845 155 41 tramping
554 844 34 32 of
601 844 71 41 feet,
690 844 61 32 and
767 856 18 20 a
800 849 136 37 tempest
952 846 35 31 of

156 906 102 31 voices
281 905 34 32 of
341 917 93 29 every
457 905 132 42 possible
619 905 131 42 tonality
774 906 61 31 and
862 912 118 27 accent.

155 968 66 32 The
251 973 114 27 master
395 968 60 32 and
484 968 136 32 mistress
651 968 34 32 of
710 968 51 32 the
793 968 95 33 house
920 969 61 32 had

154 1029 145 33 returned
322 1029 77 32 from
416 1029 112 32 abroad
545 1029 75 32 with
636 1041 18 20 a
669 1041 167 21 numerous
851 1030 127 32 retinue.

291 1102 115 29 course,
434 1102 62 31 you
519 1090 78 33 have
622 1102 72 21 seen
872 1092 66 31 said
963 1104 16 19 a

153 1154 71 42 lady
246 1153 69 32 who
331 1165 86 20 came
433 1158 32 27 at
479 1153 60 32 five
556 1153 117 32 o'clock
688 1159 76 27 next
781 1154 59 42 day
856 1159 33 27 to
906 1155 73 31 visit

153 1215 143 30 Madame
312 1214 36 31 de
366 1213 162 32 Clavreuil.

225 1277 15 30 I
252 1280 82 27 went
346 1279 32 28 at
388 1275 111 32 tAvelve
512 1275 118 32 o'clock
641 1276 118 42 to-day,
767 1277 210 42 immediately

153 1337 77 32 after
447 1348 65 20 was
528 1337 50 31 the
595 1337 94 41 reply.

256 1403 80 28 Avent
355 1403 31 27 at
406 1398 69 32 nine
476 1418 43 3 —
521 1399 212 43 considerably
912 1413 65 20 was

152 1460 53 32 the
228 1460 158 41 rejoinder.

194 1520 66 34 The
291 1521 71 41 lady
391 1521 71 33 who
490 1534 85 21 came
606 1527 32 28 to
665 1524 72 32 visit
762 1524 143 33 Madame
937 1525 37 33 de
