<?xml version="1.0" encoding="UTF-8"?>
<alto xmlns:xsi="http://www.w3.org/2001/XMLSchema-instance" xsi:noNamespaceSchemaLocation="http://www.bl.uk/schemas/alto/alto-1-4.xsd" xmlns:xlink="http://www.w3.org/1999/xlink">
	<Description>
		<MeasurementUnit>mm10</MeasurementUnit>
		<sourceImageInformation>
			<fileName>//head1/IN/2007-46/A0010888503.1/009841.jp2</fileName>
		</sourceImageInformation>
		<OCRProcessing ID="OCRPROCESSING_1">
			<preProcessingStep>
				<processingSoftware>
					<softwareCreator>CCS Content Conversion Specialists GmbH, Germany</softwareCreator>
					<softwareName>CCS docWORKS</softwareName>
					<softwareVersion>6.1-0.61</softwareVersion>
				</processingSoftware>
			</preProcessingStep>
			<ocrProcessingStep>
				<processingSoftware>
					<softwareCreator>ABBYY (BIT Software), Russia</softwareCreator>
					<softwareName>Finereader</softwareName>
				</processingSoftware>
			</ocrProcessingStep>
		</OCRProcessing>
	</Description>
	<Styles>
		<TextStyle ID="TXT_0" FONTSIZE="11" FONTFAMILY="Courier New"/>
		<TextStyle ID="TXT_1" FONTSIZE="9" FONTFAMILY="Courier New"/>
		<ParagraphStyle ID="PAR_RIGHT" ALIGN="Right"/>
		<ParagraphStyle ID="PAR_LEFT" ALIGN="Left"/>
	</Styles>
	<Layout>
		<Page ID="P297" PHYSICAL_IMG_NR="297" HEIGHT="1740" WIDTH="1090" PRINTED_IMG_NR="285" POSITION="Right" ACCURACY="73.66">
			<TopMargin ID="P297_TM00001" HPOS="0" VPOS="0" WIDTH="1089" HEIGHT="123">
				<TextBlock ID="P297_TB00001" HPOS="844" VPOS="97" WIDTH="53" HEIGHT="24" STYLEREFS="TXT_0 PAR_RIGHT">
					<TextLine ID="P297_TL00001" HPOS="844" VPOS="97" WIDTH="53" HEIGHT="24">
						<String ID="P297_ST00001" HPOS="844" VPOS="97" WIDTH="53" HEIGHT="24" CONTENT="285" WC="1.00" CC="000"/>
					</TextLine>
				</TextBlock>
				<TextBlock ID="P297_TB00002" HPOS="371" VPOS="101" WIDTH="226" HEIGHT="21" STYLEREFS="TXT_1 PAR_LEFT">
					<TextLine ID="P297_TL00002" HPOS="372" VPOS="102" WIDTH="225" HEIGHT="20">
						<String ID="P297_ST00002" HPOS="372" VPOS="102" WIDTH="68" HEIGHT="20" CONTENT="TWO" WC="0.81" CC="500"/>
						<SP ID="P297_SP00001" HPOS="440" VPOS="122" WIDTH="24"/>
						<String ID="P297_ST00003" HPOS="464" VPOS="103" WIDTH="133" HEIGHT="19" CONTENT="POWERS." WC="0.71" CC="7000660"/>
					</TextLine>
				</TextBlock>
			</TopMargin>
			<LeftMargin ID="P297_LM00001" HPOS="0" VPOS="123" WIDTH="74" HEIGHT="1445"/>
			<RightMargin ID="P297_RM00001" HPOS="905" VPOS="123" WIDTH="184" HEIGHT="1445"/>
			<BottomMargin ID="P297_BM00001" HPOS="0" VPOS="1568" WIDTH="1089" HEIGHT="171"/>
			<PrintSpace ID="P297_PS00001" HPOS="74" VPOS="123" WIDTH="833" HEIGHT="1445">
				<TextBlock ID="P297_TB00003" HPOS="74" VPOS="174" WIDTH="825" HEIGHT="218" STYLEREFS="TXT_1 PAR_LEFT">
					<TextLine ID="P297_TL00003" HPOS="75" VPOS="175" WIDTH="824" HEIGHT="46">
						<String ID="P297_ST00004" HPOS="75" VPOS="175" WIDTH="108" HEIGHT="42" CONTENT="gloves" WC="0.77" CC="001506"/>
						<SP ID="P297_SP00002" HPOS="183" VPOS="217" WIDTH="28"/>
						<String ID="P297_ST00005" HPOS="211" VPOS="188" WIDTH="80" HEIGHT="21" CONTENT="were" WC="0.63" CC="9040"/>
						<SP ID="P297_SP00003" HPOS="291" VPOS="217" WIDTH="31"/>
						<String ID="P297_ST00006" HPOS="322" VPOS="178" WIDTH="140" HEIGHT="32" CONTENT="fastened" WC="0.78" CC="06500500"/>
						<SP ID="P297_SP00004" HPOS="462" VPOS="217" WIDTH="27"/>
						<String ID="P297_ST00007" HPOS="489" VPOS="179" WIDTH="145" HEIGHT="42" CONTENT="severely," WC="0.86" CC="005050100"/>
						<SP ID="P297_SP00005" HPOS="634" VPOS="221" WIDTH="29"/>
						<String ID="P297_ST00008" HPOS="663" VPOS="179" WIDTH="61" HEIGHT="32" CONTENT="and" WC="0.77" CC="060"/>
						<SP ID="P297_SP00006" HPOS="724" VPOS="221" WIDTH="25"/>
						<String ID="P297_ST00009" HPOS="749" VPOS="179" WIDTH="53" HEIGHT="32" CONTENT="the" WC="0.51" CC="770"/>
						<SP ID="P297_SP00007" HPOS="802" VPOS="221" WIDTH="27"/>
						<String ID="P297_ST00010" HPOS="829" VPOS="179" WIDTH="70" HEIGHT="31" CONTENT="boAv" WC="0.51" CC="7704"/>
					</TextLine>
					<TextLine ID="P297_TL00004" HPOS="76" VPOS="237" WIDTH="823" HEIGHT="44">
						<String ID="P297_ST00011" HPOS="76" VPOS="237" WIDTH="35" HEIGHT="32" CONTENT="of" WC="0.70" CC="14"/>
						<SP ID="P297_SP00008" HPOS="111" VPOS="269" WIDTH="11"/>
						<String ID="P297_ST00012" HPOS="122" VPOS="237" WIDTH="56" HEIGHT="32" CONTENT="her" WC="0.75" CC="700"/>
						<SP ID="P297_SP00009" HPOS="178" VPOS="269" WIDTH="23"/>
						<String ID="P297_ST00013" HPOS="201" VPOS="237" WIDTH="116" HEIGHT="33" CONTENT="bonnet" WC="0.77" CC="113700"/>
						<SP ID="P297_SP00010" HPOS="317" VPOS="270" WIDTH="17"/>
						<String ID="P297_ST00014" HPOS="334" VPOS="240" WIDTH="112" HEIGHT="41" CONTENT="strings" WC="0.59" CC="4063706"/>
						<SP ID="P297_SP00011" HPOS="446" VPOS="281" WIDTH="27"/>
						<String ID="P297_ST00015" HPOS="473" VPOS="241" WIDTH="98" HEIGHT="31" CONTENT="under" WC="0.54" CC="54605"/>
						<SP ID="P297_SP00012" HPOS="571" VPOS="281" WIDTH="22"/>
						<String ID="P297_ST00016" HPOS="593" VPOS="241" WIDTH="54" HEIGHT="31" CONTENT="her" WC="0.57" CC="705"/>
						<SP ID="P297_SP00013" HPOS="647" VPOS="281" WIDTH="25"/>
						<String ID="P297_ST00017" HPOS="672" VPOS="240" WIDTH="71" HEIGHT="32" CONTENT="chin" WC="0.50" CC="0757"/>
						<SP ID="P297_SP00014" HPOS="743" VPOS="281" WIDTH="23"/>
						<String ID="P297_ST00018" HPOS="766" VPOS="240" WIDTH="133" HEIGHT="31" CONTENT="attested" WC="0.85" CC="03002500"/>
					</TextLine>
					<TextLine ID="P297_TL00005" HPOS="76" VPOS="298" WIDTH="823" HEIGHT="46">
						<String ID="P297_ST00019" HPOS="76" VPOS="298" WIDTH="53" HEIGHT="33" CONTENT="the" WC="0.55" CC="570"/>
						<SP ID="P297_SP00015" HPOS="129" VPOS="331" WIDTH="16"/>
						<String ID="P297_ST00020" HPOS="145" VPOS="299" WIDTH="86" HEIGHT="32" CONTENT="habit" WC="0.53" CC="70735"/>
						<SP ID="P297_SP00016" HPOS="231" VPOS="331" WIDTH="17"/>
						<String ID="P297_ST00021" HPOS="248" VPOS="300" WIDTH="34" HEIGHT="31" CONTENT="of" WC="1.00" CC="00"/>
						<SP ID="P297_SP00017" HPOS="282" VPOS="331" WIDTH="12"/>
						<String ID="P297_ST00022" HPOS="294" VPOS="301" WIDTH="135" HEIGHT="32" CONTENT="sacrifice" WC="0.77" CC="500603300"/>
						<SP ID="P297_SP00018" HPOS="429" VPOS="333" WIDTH="22"/>
						<String ID="P297_ST00023" HPOS="451" VPOS="314" WIDTH="83" HEIGHT="30" CONTENT="upon" WC="0.66" CC="6007"/>
						<SP ID="P297_SP00019" HPOS="534" VPOS="344" WIDTH="18"/>
						<String ID="P297_ST00024" HPOS="552" VPOS="303" WIDTH="54" HEIGHT="31" CONTENT="the" WC="0.53" CC="670"/>
						<SP ID="P297_SP00020" HPOS="606" VPOS="344" WIDTH="16"/>
						<String ID="P297_ST00025" HPOS="622" VPOS="303" WIDTH="78" HEIGHT="31" CONTENT="altar" WC="0.74" CC="00705"/>
						<SP ID="P297_SP00021" HPOS="700" VPOS="344" WIDTH="16"/>
						<String ID="P297_ST00026" HPOS="716" VPOS="303" WIDTH="34" HEIGHT="31" CONTENT="of" WC="0.88" CC="02"/>
						<SP ID="P297_SP00022" HPOS="750" VPOS="344" WIDTH="22"/>
						<String ID="P297_ST00027" HPOS="772" VPOS="303" WIDTH="41" HEIGHT="31" CONTENT="les" WC="1.00" CC="000"/>
						<SP ID="P297_SP00023" HPOS="813" VPOS="344" WIDTH="17"/>
						<String ID="P297_ST00028" HPOS="830" VPOS="314" WIDTH="69" HEIGHT="20" CONTENT="con" SUBS_TYPE="HypPart1" SUBS_CONTENT="convenances." WC="0.66" CC="4071"/>
						<HYP CONTENT="-"/>
					</TextLine>
					<TextLine ID="P297_TL00006" HPOS="76" VPOS="374" WIDTH="154" HEIGHT="18">
						<String ID="P297_ST00029" HPOS="76" VPOS="374" WIDTH="154" HEIGHT="18" CONTENT="venances." SUBS_TYPE="HypPart2" SUBS_CONTENT="convenances." WC="0.95" CC="020010000"/>
					</TextLine>
				</TextBlock>
				<TextBlock ID="P297_TB00004" HPOS="79" VPOS="421" WIDTH="826" HEIGHT="839" STYLEREFS="TXT_1 PAR_LEFT">
					<TextLine ID="P297_TL00007" HPOS="121" VPOS="422" WIDTH="780" HEIGHT="44">
						<String ID="P297_ST00030" HPOS="121" VPOS="422" WIDTH="67" HEIGHT="32" CONTENT="The" WC="0.75" CC="070"/>
						<SP ID="P297_SP00024" HPOS="188" VPOS="454" WIDTH="24"/>
						<String ID="P297_ST00031" HPOS="212" VPOS="423" WIDTH="156" HEIGHT="41" CONTENT="Marquise" WC="0.66" CC="00607670"/>
						<SP ID="P297_SP00025" HPOS="368" VPOS="464" WIDTH="21"/>
						<String ID="P297_ST00032" HPOS="389" VPOS="435" WIDTH="64" HEIGHT="20" CONTENT="was" WC="0.91" CC="002"/>
						<SP ID="P297_SP00026" HPOS="453" VPOS="464" WIDTH="23"/>
						<String ID="P297_ST00033" HPOS="476" VPOS="436" WIDTH="40" HEIGHT="19" CONTENT="an" WC="0.66" CC="06"/>
						<SP ID="P297_SP00027" HPOS="516" VPOS="464" WIDTH="24"/>
						<String ID="P297_ST00034" HPOS="540" VPOS="425" WIDTH="153" HEIGHT="41" CONTENT="authority" WC="0.69" CC="070746100"/>
						<SP ID="P297_SP00028" HPOS="693" VPOS="466" WIDTH="15"/>
						<String ID="P297_ST00035" HPOS="708" VPOS="436" WIDTH="81" HEIGHT="30" CONTENT="upon" WC="0.63" CC="7007"/>
						<SP ID="P297_SP00029" HPOS="789" VPOS="466" WIDTH="23"/>
						<String ID="P297_ST00036" HPOS="812" VPOS="425" WIDTH="89" HEIGHT="31" CONTENT="these" WC="0.61" CC="67050"/>
					</TextLine>
					<TextLine ID="P297_TL00008" HPOS="81" VPOS="484" WIDTH="820" HEIGHT="42">
						<String ID="P297_ST00037" HPOS="81" VPOS="484" WIDTH="140" HEIGHT="42" CONTENT="subjects," WC="0.71" CC="667200030"/>
						<SP ID="P297_SP00030" HPOS="221" VPOS="526" WIDTH="30"/>
						<String ID="P297_ST00038" HPOS="251" VPOS="485" WIDTH="60" HEIGHT="31" CONTENT="and" WC="0.79" CC="060"/>
						<SP ID="P297_SP00031" HPOS="311" VPOS="526" WIDTH="31"/>
						<String ID="P297_ST00039" HPOS="342" VPOS="485" WIDTH="54" HEIGHT="32" CONTENT="she" WC="0.54" CC="670"/>
						<SP ID="P297_SP00032" HPOS="396" VPOS="526" WIDTH="31"/>
						<String ID="P297_ST00040" HPOS="427" VPOS="485" WIDTH="89" HEIGHT="32" CONTENT="could" WC="0.78" CC="01620"/>
						<SP ID="P297_SP00033" HPOS="516" VPOS="526" WIDTH="35"/>
						<String ID="P297_ST00041" HPOS="551" VPOS="490" WIDTH="53" HEIGHT="27" CONTENT="not" WC="0.71" CC="314"/>
						<SP ID="P297_SP00034" HPOS="604" VPOS="526" WIDTH="30"/>
						<String ID="P297_ST00042" HPOS="634" VPOS="485" WIDTH="98" HEIGHT="33" CONTENT="refuse" WC="0.77" CC="400710"/>
						<SP ID="P297_SP00035" HPOS="732" VPOS="526" WIDTH="30"/>
						<String ID="P297_ST00043" HPOS="762" VPOS="485" WIDTH="54" HEIGHT="32" CONTENT="her" WC="0.76" CC="700"/>
						<SP ID="P297_SP00036" HPOS="816" VPOS="526" WIDTH="29"/>
						<String ID="P297_ST00044" HPOS="845" VPOS="497" WIDTH="56" HEIGHT="20" CONTENT="un" SUBS_TYPE="HypPart1" SUBS_CONTENT="unqualified" WC="0.54" CC="643"/>
						<HYP CONTENT="-"/>
					</TextLine>
					<TextLine ID="P297_TL00009" HPOS="81" VPOS="545" WIDTH="819" HEIGHT="42">
						<String ID="P297_ST00045" HPOS="81" VPOS="545" WIDTH="144" HEIGHT="42" CONTENT="qualified" SUBS_TYPE="HypPart2" SUBS_CONTENT="unqualified" WC="0.71" CC="076351100"/>
						<SP ID="P297_SP00037" HPOS="225" VPOS="587" WIDTH="23"/>
						<String ID="P297_ST00046" HPOS="248" VPOS="546" WIDTH="182" HEIGHT="31" CONTENT="admiration" WC="0.79" CC="0004406023"/>
						<SP ID="P297_SP00038" HPOS="430" VPOS="587" WIDTH="27"/>
						<String ID="P297_ST00047" HPOS="457" VPOS="550" WIDTH="32" HEIGHT="27" CONTENT="to" WC="0.78" CC="40"/>
						<SP ID="P297_SP00039" HPOS="489" VPOS="587" WIDTH="15"/>
						<String ID="P297_ST00048" HPOS="504" VPOS="546" WIDTH="53" HEIGHT="31" CONTENT="the" WC="0.75" CC="070"/>
						<SP ID="P297_SP00040" HPOS="557" VPOS="587" WIDTH="17"/>
						<String ID="P297_ST00049" HPOS="574" VPOS="557" WIDTH="120" HEIGHT="20" CONTENT="Avoman" WC="0.70" CC="073033"/>
						<SP ID="P297_SP00041" HPOS="694" VPOS="587" WIDTH="24"/>
						<String ID="P297_ST00050" HPOS="718" VPOS="546" WIDTH="103" HEIGHT="32" CONTENT="before" WC="0.82" CC="400060"/>
						<SP ID="P297_SP00042" HPOS="821" VPOS="587" WIDTH="16"/>
						<String ID="P297_ST00051" HPOS="837" VPOS="546" WIDTH="63" HEIGHT="32" CONTENT="her." WC="0.65" CC="7060"/>
					</TextLine>
					<TextLine ID="P297_TL00010" HPOS="80" VPOS="606" WIDTH="822" HEIGHT="42">
						<String ID="P297_ST00052" HPOS="80" VPOS="606" WIDTH="66" HEIGHT="31" CONTENT="The" WC="0.66" CC="072"/>
						<SP ID="P297_SP00043" HPOS="146" VPOS="637" WIDTH="17"/>
						<String ID="P297_ST00053" HPOS="163" VPOS="611" WIDTH="110" HEIGHT="37" CONTENT="get-up" WC="0.81" CC="006050"/>
						<SP ID="P297_SP00044" HPOS="273" VPOS="648" WIDTH="12"/>
						<String ID="P297_ST00054" HPOS="285" VPOS="618" WIDTH="62" HEIGHT="20" CONTENT="was" WC="0.92" CC="002"/>
						<SP ID="P297_SP00045" HPOS="347" VPOS="648" WIDTH="10"/>
						<String ID="P297_ST00055" HPOS="357" VPOS="606" WIDTH="126" HEIGHT="42" CONTENT="perfect." WC="0.83" CC="00700060"/>
						<SP ID="P297_SP00046" HPOS="483" VPOS="648" WIDTH="40"/>
						<String ID="P297_ST00056" HPOS="523" VPOS="607" WIDTH="94" HEIGHT="30" CONTENT="From" WC="0.91" CC="2000"/>
						<SP ID="P297_SP00047" HPOS="617" VPOS="648" WIDTH="11"/>
						<String ID="P297_ST00057" HPOS="628" VPOS="606" WIDTH="72" HEIGHT="32" CONTENT="boot" WC="0.51" CC="7416"/>
						<SP ID="P297_SP00048" HPOS="700" VPOS="648" WIDTH="16"/>
						<String ID="P297_ST00058" HPOS="716" VPOS="611" WIDTH="32" HEIGHT="27" CONTENT="to" WC="0.69" CC="60"/>
						<SP ID="P297_SP00049" HPOS="748" VPOS="648" WIDTH="13"/>
						<String ID="P297_ST00059" HPOS="761" VPOS="607" WIDTH="141" HEIGHT="40" CONTENT="chignon," WC="0.75" CC="07000074"/>
					</TextLine>
					<TextLine ID="P297_TL00011" HPOS="81" VPOS="667" WIDTH="823" HEIGHT="41">
						<String ID="P297_ST00060" HPOS="81" VPOS="667" WIDTH="42" HEIGHT="32" CONTENT="all" WC="0.85" CC="040"/>
						<SP ID="P297_SP00050" HPOS="123" VPOS="699" WIDTH="25"/>
						<String ID="P297_ST00061" HPOS="148" VPOS="679" WIDTH="64" HEIGHT="19" CONTENT="AAras" WC="0.65" CC="09700"/>
						<SP ID="P297_SP00051" HPOS="212" VPOS="699" WIDTH="25"/>
						<String ID="P297_ST00062" HPOS="237" VPOS="679" WIDTH="33" HEIGHT="19" CONTENT="so" WC="0.69" CC="60"/>
						<SP ID="P297_SP00052" HPOS="270" VPOS="699" WIDTH="32"/>
						<String ID="P297_ST00063" HPOS="302" VPOS="667" WIDTH="148" HEIGHT="40" CONTENT="subdued," WC="0.69" CC="26706002"/>
						<SP ID="P297_SP00053" HPOS="450" VPOS="707" WIDTH="27"/>
						<String ID="P297_ST00064" HPOS="477" VPOS="679" WIDTH="33" HEIGHT="19" CONTENT="so" WC="0.67" CC="60"/>
						<SP ID="P297_SP00054" HPOS="510" VPOS="707" WIDTH="31"/>
						<String ID="P297_ST00065" HPOS="541" VPOS="668" WIDTH="81" HEIGHT="40" CONTENT="quiet" WC="0.71" CC="05403"/>
						<String ID="P297_ST00066" HPOS="635" VPOS="680" WIDTH="6" HEIGHT="27" CONTENT=";" WC="0.59" CC="4"/>
						<SP ID="P297_SP00055" HPOS="641" VPOS="708" WIDTH="34"/>
						<String ID="P297_ST00067" HPOS="675" VPOS="667" WIDTH="59" HEIGHT="31" CONTENT="and" WC="0.79" CC="060"/>
						<SP ID="P297_SP00056" HPOS="734" VPOS="708" WIDTH="26"/>
						<String ID="P297_ST00068" HPOS="760" VPOS="668" WIDTH="52" HEIGHT="31" CONTENT="the" WC="0.55" CC="670"/>
						<SP ID="P297_SP00057" HPOS="812" VPOS="708" WIDTH="26"/>
						<String ID="P297_ST00069" HPOS="838" VPOS="667" WIDTH="66" HEIGHT="32" CONTENT="face" WC="0.82" CC="0700"/>
					</TextLine>
					<TextLine ID="P297_TL00012" HPOS="81" VPOS="728" WIDTH="823" HEIGHT="41">
						<String ID="P297_ST00070" HPOS="81" VPOS="728" WIDTH="91" HEIGHT="40" CONTENT="itself," WC="0.81" CC="7020120"/>
						<SP ID="P297_SP00058" HPOS="172" VPOS="768" WIDTH="25"/>
						<String ID="P297_ST00071" HPOS="197" VPOS="733" WIDTH="61" HEIGHT="34" CONTENT="too," WC="1.00" CC="0000"/>
						<SP ID="P297_SP00059" HPOS="258" VPOS="768" WIDTH="27"/>
						<String ID="P297_ST00072" HPOS="285" VPOS="728" WIDTH="62" HEIGHT="31" CONTENT="had" WC="0.74" CC="700"/>
						<SP ID="P297_SP00060" HPOS="347" VPOS="768" WIDTH="27"/>
						<String ID="P297_ST00073" HPOS="374" VPOS="728" WIDTH="77" HEIGHT="31" CONTENT="been" WC="0.77" CC="6002"/>
						<SP ID="P297_SP00061" HPOS="451" VPOS="768" WIDTH="29"/>
						<String ID="P297_ST00074" HPOS="480" VPOS="739" WIDTH="33" HEIGHT="20" CONTENT="so" WC="0.67" CC="60"/>
						<SP ID="P297_SP00062" HPOS="513" VPOS="768" WIDTH="25"/>
						<String ID="P297_ST00075" HPOS="538" VPOS="728" WIDTH="70" HEIGHT="31" CONTENT="well" WC="0.88" CC="0040"/>
						<SP ID="P297_SP00063" HPOS="608" VPOS="768" WIDTH="31"/>
						<String ID="P297_ST00076" HPOS="639" VPOS="728" WIDTH="163" HEIGHT="41" CONTENT="composed" WC="0.96" CC="00000300"/>
						<SP ID="P297_SP00064" HPOS="802" VPOS="769" WIDTH="30"/>
						<String ID="P297_ST00077" HPOS="832" VPOS="739" WIDTH="72" HEIGHT="21" CONTENT="over" WC="0.60" CC="1706"/>
					</TextLine>
					<TextLine ID="P297_TL00013" HPOS="82" VPOS="788" WIDTH="821" HEIGHT="43">
						<String ID="P297_ST00078" HPOS="82" VPOS="789" WIDTH="98" HEIGHT="42" CONTENT="night," WC="0.64" CC="340750"/>
						<SP ID="P297_SP00065" HPOS="180" VPOS="831" WIDTH="17"/>
						<String ID="P297_ST00079" HPOS="197" VPOS="789" WIDTH="61" HEIGHT="31" CONTENT="and" WC="0.76" CC="070"/>
						<SP ID="P297_SP00066" HPOS="258" VPOS="831" WIDTH="17"/>
						<String ID="P297_ST00080" HPOS="275" VPOS="789" WIDTH="40" HEIGHT="31" CONTENT="all" WC="1.00" CC="000"/>
						<SP ID="P297_SP00067" HPOS="315" VPOS="831" WIDTH="15"/>
						<String ID="P297_ST00081" HPOS="330" VPOS="789" WIDTH="40" HEIGHT="31" CONTENT="its" WC="0.71" CC="242"/>
						<SP ID="P297_SP00068" HPOS="370" VPOS="831" WIDTH="25"/>
						<String ID="P297_ST00082" HPOS="395" VPOS="788" WIDTH="109" HEIGHT="32" CONTENT="salient" WC="0.73" CC="5022060"/>
						<SP ID="P297_SP00069" HPOS="504" VPOS="831" WIDTH="22"/>
						<String ID="P297_ST00083" HPOS="526" VPOS="789" WIDTH="102" HEIGHT="41" CONTENT="points" WC="0.59" CC="034663"/>
						<SP ID="P297_SP00070" HPOS="628" VPOS="831" WIDTH="22"/>
						<String ID="P297_ST00084" HPOS="650" VPOS="800" WIDTH="33" HEIGHT="20" CONTENT="so" WC="0.58" CC="61"/>
						<SP ID="P297_SP00071" HPOS="683" VPOS="831" WIDTH="15"/>
						<String ID="P297_ST00085" HPOS="698" VPOS="789" WIDTH="91" HEIGHT="31" CONTENT="toned" WC="0.81" CC="02700"/>
						<SP ID="P297_SP00072" HPOS="789" VPOS="831" WIDTH="16"/>
						<String ID="P297_ST00086" HPOS="805" VPOS="789" WIDTH="98" HEIGHT="31" CONTENT="down." WC="0.85" CC="00070"/>
					</TextLine>
					<TextLine ID="P297_TL00014" HPOS="82" VPOS="850" WIDTH="822" HEIGHT="41">
						<String ID="P297_ST00087" HPOS="82" VPOS="851" WIDTH="52" HEIGHT="32" CONTENT="No" WC="1.00" CC="00"/>
						<SP ID="P297_SP00073" HPOS="134" VPOS="883" WIDTH="26"/>
						<String ID="P297_ST00088" HPOS="160" VPOS="862" WIDTH="85" HEIGHT="21" CONTENT="more" WC="0.55" CC="9250"/>
						<SP ID="P297_SP00074" HPOS="245" VPOS="883" WIDTH="31"/>
						<String ID="P297_ST00089" HPOS="276" VPOS="850" WIDTH="178" HEIGHT="41" CONTENT="aggressive" WC="0.76" CC="0900046020"/>
						<SP ID="P297_SP00075" HPOS="454" VPOS="891" WIDTH="25"/>
						<String ID="P297_ST00090" HPOS="479" VPOS="850" WIDTH="121" HEIGHT="41" CONTENT="sparkle" WC="0.82" CC="4003130"/>
						<SP ID="P297_SP00076" HPOS="600" VPOS="891" WIDTH="31"/>
						<String ID="P297_ST00091" HPOS="631" VPOS="850" WIDTH="30" HEIGHT="30" CONTENT="in" WC="0.33" CC="67"/>
						<SP ID="P297_SP00077" HPOS="661" VPOS="891" WIDTH="29"/>
						<String ID="P297_ST00092" HPOS="690" VPOS="850" WIDTH="52" HEIGHT="31" CONTENT="the" WC="0.52" CC="670"/>
						<SP ID="P297_SP00078" HPOS="742" VPOS="891" WIDTH="31"/>
						<String ID="P297_ST00093" HPOS="773" VPOS="861" WIDTH="64" HEIGHT="30" CONTENT="eye," WC="1.00" CC="0000"/>
						<SP ID="P297_SP00079" HPOS="837" VPOS="891" WIDTH="28"/>
						<String ID="P297_ST00094" HPOS="865" VPOS="861" WIDTH="39" HEIGHT="19" CONTENT="no" WC="0.51" CC="72"/>
					</TextLine>
					<TextLine ID="P297_TL00015" HPOS="84" VPOS="911" WIDTH="821" HEIGHT="43">
						<String ID="P297_ST00095" HPOS="84" VPOS="924" WIDTH="86" HEIGHT="20" CONTENT="more" WC="0.95" CC="0100"/>
						<SP ID="P297_SP00080" HPOS="170" VPOS="944" WIDTH="27"/>
						<String ID="P297_ST00096" HPOS="197" VPOS="911" WIDTH="219" HEIGHT="43" CONTENT="impertinence" WC="0.86" CC="000022110303"/>
						<SP ID="P297_SP00081" HPOS="416" VPOS="954" WIDTH="23"/>
						<String ID="P297_ST00097" HPOS="439" VPOS="911" WIDTH="31" HEIGHT="31" CONTENT="in" WC="0.56" CC="17"/>
						<SP ID="P297_SP00082" HPOS="470" VPOS="954" WIDTH="16"/>
						<String ID="P297_ST00098" HPOS="486" VPOS="911" WIDTH="52" HEIGHT="31" CONTENT="the" WC="0.75" CC="070"/>
						<SP ID="P297_SP00083" HPOS="538" VPOS="954" WIDTH="26"/>
						<String ID="P297_ST00099" HPOS="564" VPOS="922" WIDTH="83" HEIGHT="28" CONTENT="nose," WC="0.71" CC="70610"/>
						<SP ID="P297_SP00084" HPOS="647" VPOS="954" WIDTH="18"/>
						<String ID="P297_ST00100" HPOS="665" VPOS="922" WIDTH="39" HEIGHT="20" CONTENT="no" WC="0.55" CC="62"/>
						<SP ID="P297_SP00085" HPOS="704" VPOS="954" WIDTH="23"/>
						<String ID="P297_ST00101" HPOS="727" VPOS="922" WIDTH="83" HEIGHT="19" CONTENT="more" WC="0.81" CC="0150"/>
						<SP ID="P297_SP00086" HPOS="810" VPOS="954" WIDTH="24"/>
						<String ID="P297_ST00102" HPOS="834" VPOS="922" WIDTH="71" HEIGHT="20" CONTENT="con" SUBS_TYPE="HypPart1" SUBS_CONTENT="contempt" WC="0.73" CC="0243"/>
						<HYP CONTENT="-"/>
					</TextLine>
					<TextLine ID="P297_TL00016" HPOS="83" VPOS="970" WIDTH="822" HEIGHT="45">
						<String ID="P297_ST00103" HPOS="83" VPOS="977" WIDTH="101" HEIGHT="38" CONTENT="tempt" SUBS_TYPE="HypPart2" SUBS_CONTENT="contempt" WC="0.76" CC="60004"/>
						<SP ID="P297_SP00087" HPOS="184" VPOS="1015" WIDTH="24"/>
						<String ID="P297_ST00104" HPOS="208" VPOS="973" WIDTH="32" HEIGHT="31" CONTENT="in" WC="0.47" CC="36"/>
						<SP ID="P297_SP00088" HPOS="240" VPOS="1015" WIDTH="24"/>
						<String ID="P297_ST00105" HPOS="264" VPOS="972" WIDTH="55" HEIGHT="32" CONTENT="the" WC="0.56" CC="570"/>
						<SP ID="P297_SP00089" HPOS="319" VPOS="1015" WIDTH="21"/>
						<String ID="P297_ST00106" HPOS="340" VPOS="971" WIDTH="116" HEIGHT="40" CONTENT="mouth," WC="0.66" CC="036073"/>
						<SP ID="P297_SP00090" HPOS="456" VPOS="1015" WIDTH="26"/>
						<String ID="P297_ST00107" HPOS="482" VPOS="982" WIDTH="41" HEIGHT="20" CONTENT="no" WC="0.69" CC="60"/>
						<SP ID="P297_SP00091" HPOS="523" VPOS="1015" WIDTH="29"/>
						<String ID="P297_ST00108" HPOS="552" VPOS="982" WIDTH="85" HEIGHT="20" CONTENT="more" WC="0.90" CC="0400"/>
						<SP ID="P297_SP00092" HPOS="637" VPOS="1015" WIDTH="30"/>
						<String ID="P297_ST00109" HPOS="667" VPOS="970" WIDTH="143" HEIGHT="32" CONTENT="mischief" WC="0.68" CC="76407000"/>
						<SP ID="P297_SP00093" HPOS="810" VPOS="1015" WIDTH="22"/>
						<String ID="P297_ST00110" HPOS="832" VPOS="982" WIDTH="73" HEIGHT="29" CONTENT="any" SUBS_TYPE="HypPart1" SUBS_CONTENT="anywhere." WC="0.54" CC="8702"/>
						<HYP CONTENT="-"/>
					</TextLine>
					<TextLine ID="P297_TL00017" HPOS="84" VPOS="1031" WIDTH="821" HEIGHT="44">
						<String ID="P297_ST00111" HPOS="84" VPOS="1034" WIDTH="112" HEIGHT="31" CONTENT="where." SUBS_TYPE="HypPart2" SUBS_CONTENT="anywhere." WC="0.79" CC="070400"/>
						<SP ID="P297_SP00094" HPOS="196" VPOS="1065" WIDTH="47"/>
						<String ID="P297_ST00112" HPOS="243" VPOS="1033" WIDTH="104" HEIGHT="42" CONTENT="Every" WC="0.76" CC="56000"/>
						<SP ID="P297_SP00095" HPOS="347" VPOS="1075" WIDTH="16"/>
						<String ID="P297_ST00113" HPOS="363" VPOS="1032" WIDTH="173" HEIGHT="40" CONTENT="advantage" WC="0.75" CC="006063500"/>
						<SP ID="P297_SP00096" HPOS="536" VPOS="1075" WIDTH="24"/>
						<String ID="P297_ST00114" HPOS="560" VPOS="1032" WIDTH="34" HEIGHT="30" CONTENT="of" WC="0.96" CC="00"/>
						<SP ID="P297_SP00097" HPOS="594" VPOS="1075" WIDTH="17"/>
						<String ID="P297_ST00115" HPOS="611" VPOS="1031" WIDTH="60" HEIGHT="31" CONTENT="this" WC="0.52" CC="5750"/>
						<SP ID="P297_SP00098" HPOS="671" VPOS="1075" WIDTH="16"/>
						<String ID="P297_ST00116" HPOS="687" VPOS="1031" WIDTH="74" HEIGHT="31" CONTENT="kind" WC="0.98" CC="0000"/>
						<SP ID="P297_SP00099" HPOS="761" VPOS="1075" WIDTH="15"/>
						<String ID="P297_ST00117" HPOS="776" VPOS="1043" WIDTH="63" HEIGHT="19" CONTENT="was" WC="0.53" CC="085"/>
						<SP ID="P297_SP00100" HPOS="839" VPOS="1075" WIDTH="15"/>
						<String ID="P297_ST00118" HPOS="854" VPOS="1032" WIDTH="51" HEIGHT="31" CONTENT="left" WC="0.76" CC="0008"/>
					</TextLine>
					<TextLine ID="P297_TL00018" HPOS="85" VPOS="1092" WIDTH="820" HEIGHT="45">
						<String ID="P297_ST00119" HPOS="85" VPOS="1102" WIDTH="32" HEIGHT="26" CONTENT="to" WC="0.65" CC="70"/>
						<SP ID="P297_SP00101" HPOS="117" VPOS="1128" WIDTH="31"/>
						<String ID="P297_ST00120" HPOS="148" VPOS="1096" WIDTH="52" HEIGHT="31" CONTENT="the" WC="0.62" CC="370"/>
						<SP ID="P297_SP00102" HPOS="200" VPOS="1128" WIDTH="27"/>
						<String ID="P297_ST00121" HPOS="227" VPOS="1094" WIDTH="120" HEIGHT="43" CONTENT="grande" WC="0.92" CC="000400"/>
						<SP ID="P297_SP00103" HPOS="347" VPOS="1137" WIDTH="31"/>
						<String ID="P297_ST00122" HPOS="378" VPOS="1093" WIDTH="97" HEIGHT="39" CONTENT="dame," WC="0.91" CC="00004"/>
						<SP ID="P297_SP00104" HPOS="475" VPOS="1137" WIDTH="32"/>
						<String ID="P297_ST00123" HPOS="507" VPOS="1092" WIDTH="70" HEIGHT="31" CONTENT="Avho" WC="0.31" CC="9970"/>
						<SP ID="P297_SP00105" HPOS="577" VPOS="1137" WIDTH="24"/>
						<String ID="P297_ST00124" HPOS="601" VPOS="1104" WIDTH="62" HEIGHT="19" CONTENT="was" WC="0.65" CC="054"/>
						<SP ID="P297_SP00106" HPOS="663" VPOS="1137" WIDTH="25"/>
						<String ID="P297_ST00125" HPOS="688" VPOS="1092" WIDTH="115" HEIGHT="31" CONTENT="treated" WC="0.84" CC="0400600"/>
						<SP ID="P297_SP00107" HPOS="803" VPOS="1137" WIDTH="30"/>
						<String ID="P297_ST00126" HPOS="833" VPOS="1093" WIDTH="72" HEIGHT="30" CONTENT="with" WC="0.40" CC="9607"/>
					</TextLine>
					<TextLine ID="P297_TL00019" HPOS="87" VPOS="1153" WIDTH="818" HEIGHT="43">
						<String ID="P297_ST00127" HPOS="87" VPOS="1158" WIDTH="166" HEIGHT="38" CONTENT="deference," WC="0.91" CC="0000403001"/>
						<SP ID="P297_SP00108" HPOS="253" VPOS="1196" WIDTH="31"/>
						<String ID="P297_ST00128" HPOS="284" VPOS="1155" WIDTH="61" HEIGHT="32" CONTENT="and" WC="0.80" CC="060"/>
						<SP ID="P297_SP00109" HPOS="345" VPOS="1196" WIDTH="26"/>
						<String ID="P297_ST00129" HPOS="371" VPOS="1154" WIDTH="74" HEIGHT="32" CONTENT="with" WC="0.80" CC="0007"/>
						<SP ID="P297_SP00110" HPOS="445" VPOS="1196" WIDTH="27"/>
						<String ID="P297_ST00130" HPOS="472" VPOS="1154" WIDTH="52" HEIGHT="32" CONTENT="the" WC="0.75" CC="070"/>
						<SP ID="P297_SP00111" HPOS="524" VPOS="1196" WIDTH="32"/>
						<String ID="P297_ST00131" HPOS="556" VPOS="1153" WIDTH="179" HEIGHT="42" CONTENT="completest" WC="0.82" CC="0000500056"/>
						<SP ID="P297_SP00112" HPOS="735" VPOS="1196" WIDTH="31"/>
						<String ID="P297_ST00132" HPOS="766" VPOS="1153" WIDTH="139" HEIGHT="32" CONTENT="acknow" SUBS_TYPE="HypPart1" SUBS_CONTENT="acknowledgment" WC="0.95" CC="0000003"/>
						<HYP CONTENT="-"/>
					</TextLine>
					<TextLine ID="P297_TL00020" HPOS="87" VPOS="1215" WIDTH="558" HEIGHT="45">
						<String ID="P297_ST00133" HPOS="87" VPOS="1220" WIDTH="158" HEIGHT="40" CONTENT="ledgment" SUBS_TYPE="HypPart2" SUBS_CONTENT="acknowledgment" WC="0.82" CC="60000051"/>
						<SP ID="P297_SP00113" HPOS="245" VPOS="1260" WIDTH="17"/>
						<String ID="P297_ST00134" HPOS="262" VPOS="1218" WIDTH="34" HEIGHT="32" CONTENT="of" WC="1.00" CC="00"/>
						<SP ID="P297_SP00114" HPOS="296" VPOS="1260" WIDTH="12"/>
						<String ID="P297_ST00135" HPOS="308" VPOS="1217" WIDTH="39" HEIGHT="32" CONTENT="all" WC="1.00" CC="000"/>
						<SP ID="P297_SP00115" HPOS="347" VPOS="1260" WIDTH="16"/>
						<String ID="P297_ST00136" HPOS="363" VPOS="1217" WIDTH="55" HEIGHT="31" CONTENT="her" WC="0.75" CC="700"/>
						<SP ID="P297_SP00116" HPOS="418" VPOS="1260" WIDTH="16"/>
						<String ID="P297_ST00137" HPOS="434" VPOS="1215" WIDTH="211" HEIGHT="43" CONTENT="superiorities." WC="0.73" CC="56002504401050"/>
					</TextLine>
				</TextBlock>
				<TextBlock ID="P297_TB00005" HPOS="82" VPOS="1275" WIDTH="825" HEIGHT="293" STYLEREFS="TXT_1 PAR_LEFT">
					<TextLine ID="P297_TL00021" HPOS="130" VPOS="1275" WIDTH="777" HEIGHT="44">
						<String ID="P297_ST00138" HPOS="130" VPOS="1282" WIDTH="95" HEIGHT="32" CONTENT="From" WC="0.73" CC="5310"/>
						<SP ID="P297_SP00117" HPOS="225" VPOS="1314" WIDTH="15"/>
						<String ID="P297_ST00139" HPOS="240" VPOS="1280" WIDTH="53" HEIGHT="32" CONTENT="the" WC="0.59" CC="470"/>
						<SP ID="P297_SP00118" HPOS="293" VPOS="1314" WIDTH="17"/>
						<String ID="P297_ST00140" HPOS="310" VPOS="1282" WIDTH="103" HEIGHT="28" CONTENT="outset" WC="0.78" CC="360101"/>
						<SP ID="P297_SP00119" HPOS="413" VPOS="1314" WIDTH="16"/>
						<String ID="P297_ST00141" HPOS="429" VPOS="1276" WIDTH="131" HEIGHT="43" CONTENT="Aspasie" WC="0.66" CC="0508440"/>
						<SP ID="P297_SP00120" HPOS="560" VPOS="1319" WIDTH="22"/>
						<String ID="P297_ST00142" HPOS="582" VPOS="1275" WIDTH="145" HEIGHT="43" CONTENT="accepted" WC="0.95" CC="00000300"/>
						<SP ID="P297_SP00121" HPOS="727" VPOS="1319" WIDTH="17"/>
						<String ID="P297_ST00143" HPOS="744" VPOS="1275" WIDTH="50" HEIGHT="33" CONTENT="the" WC="0.76" CC="070"/>
						<SP ID="P297_SP00122" HPOS="794" VPOS="1319" WIDTH="22"/>
						<String ID="P297_ST00144" HPOS="816" VPOS="1276" WIDTH="91" HEIGHT="32" CONTENT="situa" SUBS_TYPE="HypPart1" SUBS_CONTENT="situation" WC="0.84" CC="430200"/>
						<HYP CONTENT="-"/>
					</TextLine>
					<TextLine ID="P297_TL00022" HPOS="84" VPOS="1336" WIDTH="822" HEIGHT="42">
						<String ID="P297_ST00145" HPOS="84" VPOS="1342" WIDTH="66" HEIGHT="32" CONTENT="tion" SUBS_TYPE="HypPart2" SUBS_CONTENT="situation" WC="0.55" CC="5506"/>
						<SP ID="P297_SP00123" HPOS="150" VPOS="1374" WIDTH="25"/>
						<String ID="P297_ST00146" HPOS="175" VPOS="1341" WIDTH="35" HEIGHT="32" CONTENT="of" WC="0.63" CC="34"/>
						<SP ID="P297_SP00124" HPOS="210" VPOS="1374" WIDTH="21"/>
						<String ID="P297_ST00147" HPOS="231" VPOS="1341" WIDTH="43" HEIGHT="31" CONTENT="M." WC="1.00" CC="00"/>
						<SP ID="P297_SP00125" HPOS="274" VPOS="1374" WIDTH="34"/>
						<String ID="P297_ST00148" HPOS="308" VPOS="1339" WIDTH="36" HEIGHT="31" CONTENT="de" WC="1.00" CC="00"/>
						<SP ID="P297_SP00126" HPOS="344" VPOS="1374" WIDTH="32"/>
						<String ID="P297_ST00149" HPOS="376" VPOS="1338" WIDTH="165" HEIGHT="40" CONTENT="Moranges" WC="0.80" CC="00307004"/>
						<SP ID="P297_SP00127" HPOS="541" VPOS="1378" WIDTH="35"/>
						<String ID="P297_ST00150" HPOS="576" VPOS="1347" WIDTH="33" HEIGHT="20" CONTENT="as" WC="0.33" CC="75"/>
						<SP ID="P297_SP00128" HPOS="609" VPOS="1378" WIDTH="25"/>
						<String ID="P297_ST00151" HPOS="634" VPOS="1336" WIDTH="181" HEIGHT="41" CONTENT="deplorable," WC="0.79" CC="00060007503"/>
						<SP ID="P297_SP00129" HPOS="815" VPOS="1378" WIDTH="32"/>
						<String ID="P297_ST00152" HPOS="847" VPOS="1337" WIDTH="59" HEIGHT="31" CONTENT="and" WC="0.82" CC="050"/>
					</TextLine>
					<TextLine ID="P297_TL00023" HPOS="85" VPOS="1396" WIDTH="819" HEIGHT="48">
						<String ID="P297_ST00153" HPOS="85" VPOS="1402" WIDTH="147" HEIGHT="42" CONTENT="indulged" WC="0.67" CC="57066000"/>
						<SP ID="P297_SP00130" HPOS="232" VPOS="1444" WIDTH="32"/>
						<String ID="P297_ST00154" HPOS="264" VPOS="1401" WIDTH="31" HEIGHT="31" CONTENT="in" WC="0.46" CC="46"/>
						<SP ID="P297_SP00131" HPOS="295" VPOS="1444" WIDTH="25"/>
						<String ID="P297_ST00155" HPOS="320" VPOS="1400" WIDTH="54" HEIGHT="31" CONTENT="the" WC="0.75" CC="070"/>
						<SP ID="P297_SP00132" HPOS="374" VPOS="1444" WIDTH="28"/>
						<String ID="P297_ST00156" HPOS="402" VPOS="1402" WIDTH="82" HEIGHT="28" CONTENT="most" WC="0.71" CC="0560"/>
						<SP ID="P297_SP00133" HPOS="484" VPOS="1444" WIDTH="24"/>
						<String ID="P297_ST00157" HPOS="508" VPOS="1396" WIDTH="155" HEIGHT="43" CONTENT="approved" WC="0.93" CC="00000500"/>
						<SP ID="P297_SP00134" HPOS="663" VPOS="1444" WIDTH="22"/>
						<String ID="P297_ST00158" HPOS="685" VPOS="1397" WIDTH="219" HEIGHT="41" CONTENT="lamentations," WC="0.79" CC="0000720020552"/>
					</TextLine>
					<TextLine ID="P297_TL00024" HPOS="86" VPOS="1458" WIDTH="818" HEIGHT="44">
						<String ID="P297_ST00159" HPOS="86" VPOS="1463" WIDTH="194" HEIGHT="35" CONTENT="commented" WC="0.93" CC="000006000"/>
						<SP ID="P297_SP00135" HPOS="280" VPOS="1498" WIDTH="23"/>
						<String ID="P297_ST00160" HPOS="303" VPOS="1472" WIDTH="83" HEIGHT="30" CONTENT="upon" WC="0.60" CC="7035"/>
						<SP ID="P297_SP00136" HPOS="386" VPOS="1502" WIDTH="28"/>
						<String ID="P297_ST00161" HPOS="414" VPOS="1459" WIDTH="60" HEIGHT="32" CONTENT="and" WC="0.85" CC="040"/>
						<SP ID="P297_SP00137" HPOS="474" VPOS="1502" WIDTH="25"/>
						<String ID="P297_ST00162" HPOS="499" VPOS="1458" WIDTH="187" HEIGHT="40" CONTENT="underlined," WC="0.79" CC="60006027000"/>
						<SP ID="P297_SP00138" HPOS="686" VPOS="1502" WIDTH="25"/>
						<String ID="P297_ST00163" HPOS="711" VPOS="1470" WIDTH="33" HEIGHT="20" CONTENT="as" WC="0.81" CC="03"/>
						<SP ID="P297_SP00139" HPOS="744" VPOS="1502" WIDTH="25"/>
						<String ID="P297_ST00164" HPOS="769" VPOS="1459" WIDTH="24" HEIGHT="31" CONTENT="it" WC="0.70" CC="50"/>
						<SP ID="P297_SP00140" HPOS="793" VPOS="1502" WIDTH="23"/>
						<String ID="P297_ST00165" HPOS="816" VPOS="1472" WIDTH="88" HEIGHT="29" CONTENT="were," WC="0.86" CC="00204"/>
					</TextLine>
					<TextLine ID="P297_TL00025" HPOS="84" VPOS="1519" WIDTH="820" HEIGHT="49">
						<String ID="P297_ST00166" HPOS="84" VPOS="1527" WIDTH="42" HEIGHT="41" CONTENT="by" WC="0.63" CC="70"/>
						<SP ID="P297_SP00141" HPOS="126" VPOS="1568" WIDTH="23"/>
						<String ID="P297_ST00167" HPOS="149" VPOS="1526" WIDTH="202" HEIGHT="42" CONTENT="deprecatory" WC="0.83" CC="00030007070"/>
						<SP ID="P297_SP00142" HPOS="351" VPOS="1568" WIDTH="15"/>
						<String ID="P297_ST00168" HPOS="366" VPOS="1521" WIDTH="96" HEIGHT="40" CONTENT="looks," WC="0.86" CC="200013"/>
						<SP ID="P297_SP00143" HPOS="462" VPOS="1568" WIDTH="19"/>
						<String ID="P297_ST00169" HPOS="481" VPOS="1531" WIDTH="71" HEIGHT="31" CONTENT="eyes" WC="0.99" CC="0000"/>
						<SP ID="P297_SP00144" HPOS="552" VPOS="1568" WIDTH="23"/>
						<String ID="P297_ST00170" HPOS="575" VPOS="1519" WIDTH="136" HEIGHT="43" CONTENT="uplifted," WC="0.88" CC="600400000"/>
						<SP ID="P297_SP00145" HPOS="711" VPOS="1568" WIDTH="17"/>
						<String ID="P297_ST00171" HPOS="728" VPOS="1521" WIDTH="60" HEIGHT="31" CONTENT="and" WC="0.75" CC="070"/>
						<SP ID="P297_SP00146" HPOS="788" VPOS="1568" WIDTH="23"/>
						<String ID="P297_ST00172" HPOS="811" VPOS="1521" WIDTH="93" HEIGHT="42" CONTENT="sighs." WC="0.65" CC="140724"/>
					</TextLine>
				</TextBlock>
			</PrintSpace>
		</Page>
	</Layout>
</alto>
