1090 1740
147 125 53 26 274

377 132 83 19 LOVE
483 131 64 20 THE
570 129 161 22 AVENGER.

147 209 99 32 wards
262 209 55 32 her
340 209 124 32 brother
477 221 8 28 ;
543 207 60 33 and
620 207 84 32 what
720 205 103 33 would
849 205 128 32 become

147 270 34 32 of

190 332 100 32 There
306 344 63 20 was
394 344 19 20 a
428 343 95 32 pause
540 331 34 33 of
593 342 19 22 a
626 331 60 32 feAv
703 330 137 41 seconds,
866 329 111 41 during

148 392 100 33 which
275 392 51 33 the
353 392 126 33 brother
501 392 61 33 and
590 392 90 33 sister
707 391 112 33 looked
843 395 33 28 at
900 390 77 33 each

148 453 86 33 other
244 467 7 27 ;
276 458 32 28 at
324 454 59 32 last
399 454 66 32 said
480 454 52 32 the
549 453 165 42 Marquise,
733 452 174 42 cautiously
919 465 7 20 :

225 517 61 31 But
324 516 22 31 it
383 516 62 31 will
486 515 120 43 require
648 527 19 20 a
710 519 89 38 great
838 514 70 32 deal
948 513 34 33 of

223 639 99 32 These
347 639 102 41 things
474 639 114 42 always
706 637 202 44 propounded
931 637 43 32 M.

150 700 37 31 de
203 701 166 40 Moranges
380 714 5 27 ;
441 701 64 39 but,
528 701 122 41 luckily,
670 700 117 33 Olivier
809 700 57 32 has
890 700 86 31 loads

150 761 34 31 of
202 773 111 30 money
328 766 32 27 to
385 773 97 30 spare,
502 762 114 31 thanks
642 767 32 27 to
701 773 78 30 your
806 761 170 31 admirable

149 823 243 32 administration
446 823 110 41 during
600 823 46 32 his
691 823 153 41 minority.
914 823 63 31 But

148 883 83 41 then,
256 895 39 20 on
318 883 83 32 what
423 883 62 32 line
508 883 34 32 of
561 883 100 43 policy
677 883 102 32 would
802 894 62 32 you
886 883 91 42 bring

150 944 63 31 him
238 944 39 40 in,
295 956 52 31 my
364 944 72 33 dear
462 944 88 33 sister
561 946 14 31 ?
619 945 47 32 As
690 944 54 33 the
761 944 216 33 Government

150 1005 158 31 candidate

224 1066 69 33 God
324 1066 97 33 forbid
434 1067 6 32 !
509 1066 61 33 and
598 1066 53 33 the
676 1067 155 43 Dowager
861 1068 116 31 started

152 1138 81 29 upon
248 1127 55 32 her
319 1127 90 33 chair.

228 1188 60 32 But
303 1188 83 41 then,
405 1200 32 20 as
453 1188 84 33 what
549 1191 14 30 ?
594 1189 45 32 As
656 1201 18 20 a
689 1190 141 42 Royalist
845 1190 132 33 devoted

152 1253 31 27 to
199 1248 52 33 the

226 1310 46 32 As
287 1322 39 20 an
343 1310 109 33 honest
468 1323 79 30 man,
566 1312 61 32 and
643 1324 18 20 a
673 1313 156 33 Christian
846 1314 131 33 devoted

152 1375 31 27 to
217 1371 125 42 religion
343 1391 42 4 —
387 1373 60 31 and
478 1373 89 32 order
584 1375 6 31 !
661 1375 67 31 said
765 1375 145 33 Madame
941 1376 36 32 de

153 1431 194 43 Beauvoisin,
363 1433 73 32 with
452 1434 145 42 dignified
613 1436 133 41 gravity.

226 1493 52 31 Ah
291 1495 6 31 !
336 1506 64 29 yes,
429 1495 15 31 I
471 1496 91 32 know
575 1497 7 32 !
618 1497 88 32 order
720 1499 6 31 !
729 1517 42 4 —
773 1498 69 33 that
871 1512 106 21 means

152 1552 51 33 the
219 1553 121 33 Throne
357 1556 60 31 and
441 1556 52 32 the
509 1557 91 32 Altar
615 1557 30 33 in
672 1570 18 20 a
710 1570 69 21 new
795 1560 86 33 dress
893 1574 6 21 :
923 1574 54 29 my
