1090 1740
151 73 35 26 88

383 80 81 20 LOVE
488 79 64 21 THE
575 76 161 23 AVENGER.

149 157 67 32 that
231 157 25 32 is
271 157 72 42 why
359 157 39 32 all
415 157 136 42 depends
568 168 38 19 on
625 166 71 31 you,
713 157 76 28 aunt
809 151 124 33 dearest
946 163 7 28 ;

149 218 54 34 she
232 219 108 40 added,
372 218 226 42 beseechingly,
741 227 50 19 me
823 225 67 21 owe
921 212 55 33 the

148 279 164 44 happiness
340 280 34 32 of
393 292 52 30 my
472 279 50 32 life
552 285 33 26 to
614 290 71 31 you.
738 276 97 31 What
866 274 109 33 makes

148 354 60 30 you
231 343 70 31 look
325 354 32 20 so
382 341 54 32 sad
452 341 60 32 and
531 353 32 20 so
580 352 105 21 severe
697 341 15 32 ?
736 351 50 21 am
810 339 15 31 I
848 349 34 20 so
898 348 76 31 very

350 466 120 41 darling
650 465 65 32 said
738 464 56 32 her
817 467 83 37 aunt,

147 533 83 26 must
245 527 91 32 know
352 527 39 32 all
403 541 6 27 ;
433 528 55 30 has
506 527 107 32 Victor
631 526 126 32 himself
775 526 62 32 had
861 537 18 20 a
902 529 70 38 part

147 588 30 31 in
207 588 60 33 this
298 588 104 33 dream
414 590 15 31 ?
472 588 63 32 Are
565 599 62 31 you
658 588 115 42 agreed
803 587 144 42 together
958 588 14 31 ?

147 649 70 32 You
240 655 82 27 must
344 650 54 32 tell
418 661 49 21 me
488 649 49 37 all,

189 710 66 33 The
280 711 57 42 girl
361 711 87 42 hung
470 710 55 33 her
547 710 88 41 head,
661 710 62 32 and
746 710 155 43 bashfully
924 721 49 21 re-

147 772 130 32 counted
302 772 52 32 the
379 772 58 32 feAv
464 772 146 42 nothings
635 772 101 32 which
760 777 31 27 to
816 772 56 32 her
895 783 77 31 pure

146 845 87 20 sense
250 833 122 31 seemed
387 845 34 19 as
437 833 161 32 evidences
615 833 35 31 of
668 833 69 32 love
752 847 5 18 :
783 845 18 19 a
816 833 84 32 hand
917 832 55 32 she

146 906 74 20 once
236 894 134 42 thought
392 894 38 32 he
453 894 61 32 had
536 894 134 42 pressed,
689 906 18 20 a
722 894 106 32 flower
850 894 39 33 he
910 894 62 32 had

145 955 92 42 given
260 955 60 31 and
343 954 53 32 she
415 955 62 32 had
493 955 166 41 treasured,
677 967 19 20 a
712 956 93 41 word,
823 968 18 20 a
856 955 72 33 look
928 975 45 3 —

145 1028 18 20 a
178 1016 106 41 girlish
300 1016 112 41 dream,
431 1016 105 41 fondly
552 1017 197 40 interpreted.

316 1077 69 32 that
414 1077 27 32 is
597 1078 130 42 gravely
758 1079 96 32 asked
884 1080 87 31 Aunt

147 1139 201 31 Clementine.

189 1200 99 32 Claire
304 1200 110 32 turned
429 1200 77 41 pale.

218 1261 52 31 All
280 1262 14 31 ?
345 1261 115 32 echoed
482 1262 65 41 she,
563 1262 32 32 in
619 1274 18 21 a
657 1263 177 43 frightened
851 1271 120 36 accent,

260 1322 23 31 it
300 1333 82 21 seem
398 1327 33 27 to
446 1334 62 29 you
525 1334 33 21 so
574 1323 77 33 little
663 1326 13 30 ?

357 1383 89 34 God!
493 1384 54 43 My
731 1387 65 32 said
823 1389 149 33 Madame

144 1444 188 41 Beaudouin,
365 1444 158 44 solemnly,
552 1447 61 31 and
646 1447 73 33 with
752 1461 72 30 eyes
856 1450 55 32 full
942 1451 34 32 of

144 1509 89 36 tears,
329 1505 25 32 is
370 1505 130 42 nothing
511 1508 6 31 !
