1090 1740
375 118 82 21 LOVE
480 117 63 21 THE
567 115 161 23 AVENGER.

140 195 91 42 right,
245 195 106 42 seeing
370 194 69 32 that
462 193 55 33 her
531 193 130 40 mother,
678 191 53 33 the
748 190 60 32 late
824 187 147 34 Madame

141 257 36 32 de
215 257 174 41 Moranges,
432 267 64 20 was
535 254 82 33 Mile.
666 254 205 37 Letourneur,
917 248 54 33 the

141 319 151 42 daughter
315 319 34 32 of
367 318 93 32 Louis
486 317 105 33 Simon
615 316 203 38 Letourneur,
845 311 54 33 the
922 322 49 20 re-

141 381 101 42 gicide
270 381 137 32 member
436 380 33 32 of
493 379 53 32 the
571 377 204 40 Convention,
800 375 78 32 born
907 371 64 34 and

138 442 135 42 brought
293 454 41 31 up
351 453 33 21 as
405 453 19 21 a
444 441 102 40 bailiff,
566 440 61 32 and
651 450 107 31 grown
774 437 67 32 rich
856 436 43 43 by
916 435 53 33 the

138 509 82 26 most
247 503 214 43 mysteriously
485 502 155 33 nefarious
662 500 161 44 practices.
870 498 99 32 How-

138 577 81 30 ever,
237 578 33 19 as
286 566 45 31 far
347 577 33 20 as
396 565 51 32 the
464 564 132 32 exterior
612 567 92 36 went,
722 562 53 33 the
799 562 169 40 Moranges

142 627 89 32 blood
249 627 60 31 had
328 626 187 33 neutralised
531 626 53 31 the
607 624 91 33 blood
720 624 34 32 of
770 624 51 32 old
837 624 132 31 Letour-

138 700 84 29 neur,
259 688 60 32 and
353 687 148 42 although
533 687 146 31 Madame
710 685 38 32 de
780 685 188 33 Beauvoisin

138 749 99 41 might
253 750 38 31 be
309 761 39 20 an
370 749 193 42 unpleasant,
581 748 54 31 she
657 758 65 21 Avas
738 751 54 27 not
808 758 19 20 a
843 746 124 42 vulgar-

138 811 125 40 looking
287 822 128 20 woman.

182 872 194 41 Unpleasant
401 872 53 31 she
479 883 73 28 Avas,
578 871 60 31 and
662 882 34 20 as
720 870 53 32 she
798 875 47 27 sat
868 870 98 41 there,

138 932 248 42 irreproachably
410 932 134 40 dressed,
563 931 138 32 SAvathed
724 931 31 31 in
779 931 70 41 stiff,
874 931 92 32 black

138 994 138 40 brocade,
295 994 61 32 and
372 1005 18 20 a
405 994 92 31 Avhite
513 994 125 39 bonnet,
657 993 158 42 elegantly
831 998 135 36 austere,

139 1055 204 42 surrounding
374 1055 54 32 her
455 1055 174 32 coal-black
658 1055 76 41 hair,
737 1074 42 3 —
782 1066 34 21 as
839 1055 55 32 she
919 1060 49 28 sat

138 1116 94 40 there,
261 1116 125 42 looking
413 1116 133 42 through
568 1116 145 32 Madame
737 1116 38 32 de
799 1116 167 41 Clavreuil,

138 1191 61 30 you
221 1179 99 41 might
335 1179 79 31 have
435 1178 117 32 fancied
569 1178 54 32 she
646 1190 64 20 was
734 1190 19 20 a
773 1179 138 31 member
936 1178 33 32 of

138 1240 52 31 the
221 1240 50 31 old
293 1239 154 33 Venetian
470 1239 130 32 Council
624 1239 33 31 of
672 1240 67 31 Ten
762 1239 32 31 in
817 1239 147 42 disguise,

138 1314 33 19 or
188 1314 17 19 a
221 1302 154 31 collateral
391 1301 186 32 descendant
591 1300 33 32 of
635 1300 53 33 the
707 1301 133 42 Spanish
857 1302 109 32 Grand

138 1363 165 40 Inquisitor
318 1363 96 31 under
430 1362 112 41 Phillip
559 1363 40 31 II.

270 1436 61 31 you
351 1425 63 32 find
431 1424 99 33 Claire
730 1425 54 33 she
804 1426 157 43 repeated,

138 1485 44 33 for
195 1486 54 32 her
261 1487 141 41 question
411 1486 62 32 had
485 1491 53 27 not
553 1487 79 31 been
648 1487 159 32 answered
823 1487 138 43 directly.

170 1547 15 32 I
201 1547 85 32 don't
300 1560 90 20 mean
406 1549 30 31 in
453 1548 87 32 looks
541 1568 43 4 —
585 1549 55 31 but
656 1549 31 31 in
