1090 1740
169 109 33 26 52

402 116 82 20 LOVE
507 116 64 20 THE
595 112 160 24 AVENGER.

169 194 137 42 sentinel,
329 194 53 33 her
405 194 100 32 whole
532 197 107 28 nature
663 188 173 44 compelled
860 187 65 32 into
951 185 46 32 in-

168 254 135 45 feriority
317 255 42 44 by
375 255 76 41 drill,
469 254 186 34 determined
677 258 32 27 to
726 251 49 33 die
792 254 32 28 at
844 249 56 32 her
915 251 80 40 post,

167 319 55 31 but
248 318 45 32 for
317 330 72 20 ever
414 329 38 20 on
477 317 52 32 the
545 316 103 32 watch
672 315 47 32 for
746 314 53 32 the
817 324 53 30 cry
887 310 35 33 of
942 310 60 44 qui

167 380 64 30 vive
254 379 100 31 which
377 391 62 19 was
458 384 32 26 to
514 379 57 31 call
594 379 55 31 her
671 377 65 32 into
759 376 53 32 the
836 374 116 32 fulness
969 371 34 33 of

167 441 55 32 her
239 441 169 40 repressive
424 441 133 40 activity.

211 503 146 32 Between
372 503 62 32 this
446 502 186 40 thoroughly
646 498 273 35 well-intentioned
931 498 66 42 pair

166 583 43 3 —
210 564 52 33 the
278 564 100 33 father
394 577 33 20 so
444 564 134 44 upright,
597 564 52 33 the
665 563 122 33 mother
803 574 34 20 so
854 560 144 33 resolved

167 630 31 26 at
217 625 40 32 all
282 630 80 28 costs
389 630 31 28 to
449 626 38 32 do
508 626 55 32 her
586 625 76 42 duty
663 645 44 2 —
708 636 63 21 was
793 623 137 42 brought
954 635 43 30 up

168 685 98 33 Claire
294 686 36 32 de
356 686 163 40 Clavreuil,
544 698 39 20 an
608 686 73 42 only
704 685 88 40 child,
822 696 19 20 a
863 683 135 42 wealthy

167 746 122 42 heiress,
292 767 43 3 —
336 759 19 20 a
378 748 83 42 prize
491 752 30 27 to
553 747 38 32 be
622 746 161 44 competed
809 746 48 32 for
887 746 42 41 by
957 745 40 32 all

168 819 126 29 comers,
312 808 69 41 and,
399 808 117 32 oftener
531 808 76 32 than
631 820 58 20 one
704 808 78 32 likes
801 812 32 28 to
858 807 137 42 register,

167 880 70 21 won
252 869 60 32 and
323 881 83 20 worn
422 870 41 40 by
478 869 53 32 the
547 870 170 40 unworthy.

211 932 79 31 Poor
316 932 102 32 Claire
432 933 6 31 !
472 937 62 26 two
560 931 124 32 months
712 931 63 32 had
794 931 67 42 just
885 930 113 43 passed

170 993 81 32 since
273 1005 47 20 we
343 993 59 32 last
426 1005 62 20 saw
510 993 56 32 her
582 993 106 32 seated
710 993 43 42 by
774 992 56 33 her
849 992 149 32 mother's

170 1054 63 32 side
249 1055 31 31 in
295 1054 53 32 the
372 1055 239 41 drawing-room
633 1060 32 27 at
687 1054 166 41 Clavreuil,
870 1054 130 41 reading

169 1114 53 32 the
244 1115 73 41 IAje
338 1115 40 42 of
396 1115 93 33 Saint
507 1115 163 32 Elizabeth
691 1115 40 42 of
746 1116 167 42 Hungary,
936 1115 63 32 and

169 1176 53 32 the
252 1177 75 41 plan
357 1177 35 31 of
418 1177 54 32 her
504 1177 75 32 life's
610 1177 106 31 drama
748 1188 63 20 was
842 1177 62 32 laid
936 1182 61 28 out.

171 1238 116 41 Things
304 1249 79 21 were
400 1238 110 33 settled
522 1251 6 20 :
554 1238 101 33 Claire
673 1249 63 22 was
752 1243 32 28 to
800 1238 38 33 be
854 1238 143 42 married,

173 1298 74 33 after
272 1299 89 40 Lent,
389 1304 32 27 to
445 1299 53 32 the
529 1299 138 42 Marquis
693 1299 38 33 de
756 1299 197 41 Beauvoisin,
983 1312 17 20 a

171 1371 105 30 young
290 1371 74 21 man
379 1359 35 33 of
424 1365 89 37 great
535 1372 90 21 name
641 1360 61 33 and
718 1361 170 42 exceeding
912 1366 88 38 great

171 1420 118 33 fortune
290 1442 43 3 —
334 1422 50 32 the
409 1421 115 33 Olivier
543 1422 67 32 who
633 1422 59 32 has
715 1423 78 33 been
819 1424 181 32 mentioned

172 1481 31 31 in
219 1493 18 20 a
251 1482 141 42 previous
416 1483 126 42 chapter
558 1496 33 20 as
608 1486 206 32 encountered
830 1486 42 42 by
889 1486 108 32 Made-

173 1543 86 42 leine,
278 1544 100 33 whom
397 1545 39 33 he
451 1547 196 41 piunounced
663 1547 83 41 ugly.
