1090 1740
343 99 141 22 MADAME
507 100 169 23 CLAUDINE.

863 100 51 26 141

91 177 33 27 to
139 172 70 33 lean
225 174 90 32 when
332 176 39 30 all
387 188 105 29 power
507 177 35 32 of
553 177 199 43 self-support
768 179 25 31 is
809 180 106 41 giving

90 236 93 40 way?
226 235 51 31 No
293 236 79 41 food,
390 249 41 19 no
452 238 73 39 roof,
550 250 40 20 no
605 239 140 41 raiment,
769 253 39 19 no
834 253 83 29 sym-

91 295 97 42 pathy
199 296 6 31 !
229 307 47 20 we
299 308 79 20 none
395 298 34 30 of
449 310 36 19 us
501 299 90 32 knoAV
608 300 83 32 what
713 301 66 32 that
799 313 116 29 means,

92 357 60 32 and
159 370 46 19 we
218 358 38 31 all
267 358 34 31 of
308 370 43 28 us,
364 359 159 42 everyday
533 360 35 32 of
575 372 55 20 our
639 361 85 41 lives,
735 362 65 31 talk
810 363 35 31 of
849 363 23 31 it
882 375 35 20 as

92 418 26 31 if
140 430 46 18 we
212 419 59 31 did.
314 420 59 31 We
398 420 171 43 invariably
585 422 149 31 condemn
759 434 32 20 as
817 423 26 30 if
867 436 48 19 Ave

92 480 162 40 possessed
278 492 18 19 a
310 480 230 33 mathematical
557 481 150 43 certainty
723 482 34 32 of
775 483 52 31 the
844 483 70 31 ade-

94 553 98 29 quacy
208 541 35 31 of
260 541 53 32 the
335 553 119 30 powers
478 542 35 31 of
531 542 164 32 resistance
718 547 32 27 to
773 542 88 33 those
884 543 35 32 of

93 603 112 40 attack,
220 603 101 32 which
343 603 25 32 is
384 603 83 32 what
482 615 46 20 we
552 615 94 20 never
669 604 46 31 do.
762 604 61 32 We
845 605 66 31 talk

92 664 34 32 of
143 665 201 42 Temptation,
365 665 60 31 and
449 665 181 40 Weakness,
657 665 61 31 and
740 665 86 41 Vice,
853 666 60 31 and

91 725 117 40 Virtue,
241 738 33 19 as
299 725 26 32 if
349 726 74 42 they
450 737 80 20 were
558 738 55 19 one
635 726 61 31 and
723 726 189 41 immutable,

92 786 136 32 whereas
266 787 75 41 they
375 798 51 20 are
462 786 168 32 individual
665 786 60 32 and
755 787 45 31 for
842 799 72 20 ever

91 849 138 40 varying.

134 909 60 31 We
218 908 79 32 have
322 909 40 30 all
395 908 34 31 of
449 920 37 20 us
509 908 78 32 been
613 909 145 41 tempted,
784 920 33 20 as
840 909 23 31 it
888 910 26 30 is

89 969 167 32 inevitable
273 981 46 19 we
343 969 109 31 should
474 969 46 40 be,
538 969 92 42 being
652 981 69 19 men
735 983 7 27 ;
767 981 45 19 we
833 969 79 32 have

90 1043 96 30 many
210 1031 34 31 of
263 1043 36 19 us
322 1030 185 32 succumbed
519 1044 6 27 ;
557 1031 59 31 and
639 1031 100 31 where
762 1042 47 20 we
832 1031 80 31 have

89 1093 80 32 been
185 1093 173 39 victorious,
376 1104 43 19 we
438 1091 89 32 knew
542 1096 33 27 at
589 1092 52 32 the
658 1092 74 31 time
755 1092 83 32 what
858 1093 54 31 the

89 1156 122 42 victory
227 1160 66 28 cost
308 1166 36 20 us
345 1174 43 3 —
388 1154 55 32 but
458 1166 46 20 we
520 1154 100 42 forget
641 1154 31 32 it.
718 1154 151 40 Integrity
885 1154 27 30 is

88 1228 18 20 a
123 1216 76 32 hard
216 1216 84 32 word
323 1215 46 32 for
391 1226 75 31 poor
490 1215 127 31 mortals
630 1228 7 26 ;
669 1214 60 32 and
751 1214 52 31 the
823 1214 89 40 thing

89 1276 86 33 itself
194 1276 26 32 is
236 1288 18 20 a
269 1276 77 31 hard
368 1276 88 40 thing
477 1279 32 27 to
525 1275 39 31 be
587 1274 164 32 conceived
774 1286 33 19 or
829 1285 83 19 com-

88 1337 113 43 passed
214 1349 6 20 :
254 1337 55 38 for,
333 1335 76 32 with
431 1335 50 31 his
502 1335 217 40 ever-warring
745 1334 81 41 body
851 1334 59 31 and

89 1399 75 40 soul,
189 1398 49 32 his
261 1397 97 32 latent
381 1396 139 31 instincts
542 1396 60 31 and
624 1395 150 31 factitious
801 1400 107 35 wants,

88 1461 48 32 his
166 1460 174 42 ignorance,
372 1457 48 31 his
444 1456 115 42 vanity,
586 1456 61 31 and
672 1455 52 32 the
751 1457 157 40 perpetual

90 1520 225 44 disproportion
341 1519 141 32 betAveen
512 1517 47 32 his
589 1517 84 31 ideas
697 1517 60 31 and
781 1517 47 32 his
852 1518 58 32 cir-
