1090 1740
378 109 42 20 LA
442 109 170 20 TRAVIATA.

863 104 48 25 121

93 182 81 43 light
191 183 87 32 itself
296 195 40 31 up
361 183 74 32 with
459 195 19 20 a
502 183 93 33 smile.
649 184 66 32 The
739 184 175 42 expression

95 244 34 32 of
147 244 55 33 her
218 257 72 30 eyes
306 256 63 20 was
384 257 19 19 a
420 244 124 41 serious,
562 245 26 31 if
599 250 52 27 not
666 257 18 20 a
701 246 56 31 sad
773 257 65 20 one.

137 306 48 31 As
208 305 52 32 the
286 310 60 27 two
373 305 143 32 feminine
542 311 166 37 occupants
723 307 34 31 of
778 306 53 32 the
854 306 60 31 box

93 365 140 33 between
248 366 52 32 the
316 367 136 31 columns
467 367 75 31 took
566 367 80 32 their
667 373 90 36 seats,
775 368 23 32 it
814 368 100 31 would

92 426 80 32 have
188 427 77 32 been
280 427 76 31 hard
367 431 33 27 to
416 439 54 30 say
485 427 84 32 what
581 428 89 32 made
685 428 52 32 the
754 428 160 33 difference

93 488 140 32 between
246 488 88 32 those
350 493 62 27 two
423 500 120 20 women
560 501 33 19 so
610 501 171 21 enormous.
828 490 86 40 They

91 561 80 20 were
187 554 55 27 not
257 550 155 41 glaringly
422 550 102 32 unlike
537 550 75 32 each
628 550 96 32 other.
771 551 143 31 Madame

91 610 37 32 de
144 610 162 41 Varignan
321 622 63 20 was
401 622 18 20 a
434 610 77 32 little
535 615 117 28 stouter
677 611 61 31 and
762 622 83 20 more
862 611 52 31 de-

90 671 130 42 veloped
244 671 74 32 than
342 671 53 32 the
411 671 155 42 Marquise
580 685 6 27 ;
610 672 56 31 her
689 672 129 31 features
836 683 77 19 were

90 734 104 31 rather
218 745 86 20 more
330 734 137 39 marked,
484 733 55 32 her
565 733 67 31 hair
648 745 18 20 a
681 734 78 31 trifle
783 734 110 30 darker
906 746 6 27 ;

89 795 56 31 but
159 795 53 31 the
237 794 125 42 general
390 795 139 39 outlines,
546 795 51 31 the
621 800 66 27 cast
703 795 34 31 of
758 795 51 32 the
835 795 79 32 head

90 856 61 31 and
174 856 76 38 face,
277 855 60 31 and
367 867 19 19 a
416 856 115 30 certain
561 856 52 39 air,
645 856 153 41 appeared
831 861 32 26 to
895 867 19 20 a

90 917 104 32 casual
210 917 143 31 observer
379 921 33 27 to
438 917 38 31 be
492 917 106 41 nearly
613 917 53 31 the
683 928 82 20 same
782 917 30 30 in
827 917 84 31 both.

88 978 66 32 The
170 978 129 42 impress
316 977 34 31 of
367 977 52 32 the
435 977 83 41 time,
535 977 100 32 which
652 977 96 33 forces
765 988 17 21 a
798 977 115 33 certain

88 1039 112 41 degree
228 1038 35 33 of
280 1038 207 33 resemblance
515 1050 38 21 on
577 1038 88 32 those
689 1038 69 32 who
782 1038 60 33 live
865 1043 47 27 to-

87 1100 109 42 gether
212 1100 31 32 in
259 1100 53 32 the
337 1112 84 20 same
447 1104 130 37 centres,
594 1099 61 33 had
682 1104 47 28 set
755 1110 18 21 a
798 1099 114 33 similar

86 1161 89 32 mark
191 1173 39 20 on
246 1161 84 32 Elise
347 1161 60 32 and
424 1173 38 20 on
478 1161 109 40 Claire,
605 1160 55 33 but
682 1160 52 32 the
754 1160 158 42 similarity

87 1222 149 31 vanished
263 1227 32 26 at
321 1222 52 31 the
400 1222 67 31 first
493 1221 109 42 glance
630 1220 34 33 of
682 1220 63 33 real
765 1220 144 42 scrutiny.

86 1282 143 32 Madame
246 1283 36 31 de
293 1283 168 41 Varignan,
478 1283 31 31 in
527 1282 77 42 spite
621 1281 34 32 of
666 1281 39 32 all
722 1281 54 32 her
792 1281 118 32 fashion

89 1343 73 43 (and
185 1343 54 32 she
254 1355 64 20 was
340 1348 82 27 most
447 1342 213 41 fashionable),
678 1342 61 31 had
754 1342 31 31 in
801 1342 54 32 her
871 1353 38 21 an

85 1404 227 32 unmistakable
350 1404 131 32 element
520 1403 33 32 of
587 1413 184 27 coarseness,
808 1402 101 33 whilst

85 1466 101 32 Claire
202 1477 64 20 was
282 1465 182 32 refinement
480 1463 88 33 itself.

128 1528 67 32 The
219 1527 143 32 Duchess
387 1538 63 20 was
473 1525 229 42 magnificently
726 1525 124 33 dressed
876 1526 29 32 in
