<?xml version="1.0" encoding="UTF-8"?>
<alto xmlns:xsi="http://www.w3.org/2001/XMLSchema-instance" xsi:noNamespaceSchemaLocation="http://www.bl.uk/schemas/alto/alto-1-4.xsd" xmlns:xlink="http://www.w3.org/1999/xlink">
	<Description>
		<MeasurementUnit>mm10</MeasurementUnit>
		<sourceImageInformation>
			<fileName>//head1/IN/2007-46/A0010888503.1/009784.jp2</fileName>
		</sourceImageInformation>
		<OCRProcessing ID="OCRPROCESSING_1">
			<preProcessingStep>
				<processingSoftware>
					<softwareCreator>CCS Content Conversion Specialists GmbH, Germany</softwareCreator>
					<softwareName>CCS docWORKS</softwareName>
					<softwareVersion>6.1-0.61</softwareVersion>
				</processingSoftware>
			</preProcessingStep>
			<ocrProcessingStep>
				<processingSoftware>
					<softwareCreator>ABBYY (BIT Software), Russia</softwareCreator>
					<softwareName>Finereader</softwareName>
				</processingSoftware>
			</ocrProcessingStep>
		</OCRProcessing>
	</Description>
	<Styles>
		<TextStyle ID="TXT_0" FONTSIZE="11" FONTFAMILY="Courier New"/>
		<TextStyle ID="TXT_1" FONTSIZE="10" FONTFAMILY="Courier New"/>
		<ParagraphStyle ID="PAR_LEFT" ALIGN="Left"/>
		<ParagraphStyle ID="PAR_RIGHT" ALIGN="Right"/>
	</Styles>
	<Layout>
		<Page ID="P248" PHYSICAL_IMG_NR="248" HEIGHT="1740" WIDTH="1090" PRINTED_IMG_NR="236" POSITION="Left" ACCURACY="76.17">
			<TopMargin ID="P248_TM00001" HPOS="0" VPOS="0" WIDTH="1089" HEIGHT="138">
				<TextBlock ID="P248_TB00001" HPOS="171" VPOS="110" WIDTH="53" HEIGHT="25" STYLEREFS="TXT_0 PAR_LEFT">
					<TextLine ID="P248_TL00001" HPOS="171" VPOS="110" WIDTH="53" HEIGHT="25">
						<String ID="P248_ST00001" HPOS="171" VPOS="110" WIDTH="53" HEIGHT="25" CONTENT="236" WC="1.00" CC="000"/>
					</TextLine>
				</TextBlock>
				<TextBlock ID="P248_TB00002" HPOS="401" VPOS="112" WIDTH="356" HEIGHT="26" STYLEREFS="TXT_1 PAR_RIGHT">
					<TextLine ID="P248_TL00002" HPOS="402" VPOS="112" WIDTH="355" HEIGHT="26">
						<String ID="P248_ST00002" HPOS="402" VPOS="116" WIDTH="83" HEIGHT="22" CONTENT="LOVE" WC="0.73" CC="3060"/>
						<SP ID="P248_SP00001" HPOS="485" VPOS="138" WIDTH="23"/>
						<String ID="P248_ST00003" HPOS="508" VPOS="116" WIDTH="65" HEIGHT="21" CONTENT="THE" WC="0.58" CC="570"/>
						<SP ID="P248_SP00002" HPOS="573" VPOS="138" WIDTH="23"/>
						<String ID="P248_ST00004" HPOS="596" VPOS="112" WIDTH="161" HEIGHT="23" CONTENT="AVENGER." WC="0.55" CC="06096560"/>
					</TextLine>
				</TextBlock>
			</TopMargin>
			<LeftMargin ID="P248_LM00001" HPOS="0" VPOS="137" WIDTH="169" HEIGHT="1446"/>
			<RightMargin ID="P248_RM00001" HPOS="1000" VPOS="137" WIDTH="89" HEIGHT="1446"/>
			<BottomMargin ID="P248_BM00001" HPOS="0" VPOS="1583" WIDTH="1089" HEIGHT="156"/>
			<PrintSpace ID="P248_PS00001" HPOS="169" VPOS="137" WIDTH="831" HEIGHT="1446">
				<TextBlock ID="P248_TB00003" HPOS="169" VPOS="187" WIDTH="830" HEIGHT="906" STYLEREFS="TXT_1 PAR_LEFT">
					<TextLine ID="P248_TL00003" HPOS="171" VPOS="188" WIDTH="828" HEIGHT="46">
						<String ID="P248_ST00005" HPOS="171" VPOS="193" WIDTH="127" HEIGHT="31" CONTENT="menced" WC="0.92" CC="004000"/>
						<SP ID="P248_SP00003" HPOS="298" VPOS="224" WIDTH="16"/>
						<String ID="P248_ST00006" HPOS="314" VPOS="193" WIDTH="51" HEIGHT="32" CONTENT="the" WC="0.71" CC="071"/>
						<SP ID="P248_SP00004" HPOS="365" VPOS="225" WIDTH="16"/>
						<String ID="P248_ST00007" HPOS="381" VPOS="192" WIDTH="148" HEIGHT="42" CONTENT="Marquis," WC="0.78" CC="00306430"/>
						<SP ID="P248_SP00005" HPOS="529" VPOS="234" WIDTH="25"/>
						<String ID="P248_ST00008" HPOS="554" VPOS="189" WIDTH="175" HEIGHT="43" CONTENT="graciously" WC="0.81" CC="0030507200"/>
						<SP ID="P248_SP00006" HPOS="729" VPOS="234" WIDTH="12"/>
						<String ID="P248_ST00009" HPOS="741" VPOS="202" WIDTH="6" HEIGHT="28" CONTENT=";" WC="1.00" CC="0"/>
						<SP ID="P248_SP00007" HPOS="747" VPOS="234" WIDTH="31"/>
						<String ID="P248_ST00010" HPOS="778" VPOS="188" WIDTH="17" HEIGHT="15" CONTENT='"' WC="0.55" CC="4"/>
						<SP ID="P248_SP00008" HPOS="795" VPOS="234" WIDTH="13"/>
						<String ID="P248_ST00011" HPOS="808" VPOS="188" WIDTH="66" HEIGHT="39" CONTENT="but," WC="0.71" CC="6040"/>
						<SP ID="P248_SP00009" HPOS="874" VPOS="234" WIDTH="18"/>
						<String ID="P248_ST00012" HPOS="892" VPOS="197" WIDTH="34" HEIGHT="20" CONTENT="as" WC="0.86" CC="02"/>
						<SP ID="P248_SP00010" HPOS="926" VPOS="234" WIDTH="12"/>
						<String ID="P248_ST00013" HPOS="938" VPOS="195" WIDTH="61" HEIGHT="32" CONTENT="you" WC="0.84" CC="004"/>
					</TextLine>
					<TextLine ID="P248_TL00004" HPOS="171" VPOS="247" WIDTH="828" HEIGHT="46">
						<String ID="P248_ST00014" HPOS="171" VPOS="252" WIDTH="100" HEIGHT="41" CONTENT="knoAV," WC="0.76" CC="174000"/>
						<SP ID="P248_SP00011" HPOS="271" VPOS="293" WIDTH="26"/>
						<String ID="P248_ST00015" HPOS="297" VPOS="253" WIDTH="23" HEIGHT="31" CONTENT="it" WC="0.94" CC="10"/>
						<SP ID="P248_SP00012" HPOS="320" VPOS="293" WIDTH="16"/>
						<String ID="P248_ST00016" HPOS="336" VPOS="253" WIDTH="26" HEIGHT="31" CONTENT="is" WC="0.48" CC="54"/>
						<SP ID="P248_SP00013" HPOS="362" VPOS="293" WIDTH="16"/>
						<String ID="P248_ST00017" HPOS="378" VPOS="257" WIDTH="54" HEIGHT="27" CONTENT="not" WC="0.77" CC="600"/>
						<SP ID="P248_SP00014" HPOS="432" VPOS="293" WIDTH="17"/>
						<String ID="P248_ST00018" HPOS="449" VPOS="264" WIDTH="33" HEIGHT="20" CONTENT="so" WC="0.61" CC="61"/>
						<SP ID="P248_SP00015" HPOS="482" VPOS="293" WIDTH="18"/>
						<String ID="P248_ST00019" HPOS="500" VPOS="263" WIDTH="73" HEIGHT="30" CONTENT="easy" WC="0.96" CC="0010"/>
						<SP ID="P248_SP00016" HPOS="573" VPOS="293" WIDTH="15"/>
						<String ID="P248_ST00020" HPOS="588" VPOS="256" WIDTH="33" HEIGHT="26" CONTENT="to" WC="0.53" CC="63"/>
						<SP ID="P248_SP00017" HPOS="621" VPOS="293" WIDTH="21"/>
						<String ID="P248_ST00021" HPOS="642" VPOS="260" WIDTH="142" HEIGHT="31" CONTENT="manage." WC="0.85" CC="0070002"/>
						<SP ID="P248_SP00018" HPOS="784" VPOS="293" WIDTH="47"/>
						<String ID="P248_ST00022" HPOS="831" VPOS="247" WIDTH="101" HEIGHT="32" CONTENT="There" WC="0.76" CC="07050"/>
						<SP ID="P248_SP00019" HPOS="932" VPOS="293" WIDTH="16"/>
						<String ID="P248_ST00023" HPOS="948" VPOS="256" WIDTH="51" HEIGHT="21" CONTENT="are" WC="0.84" CC="040"/>
					</TextLine>
					<TextLine ID="P248_TL00005" HPOS="171" VPOS="307" WIDTH="828" HEIGHT="48">
						<String ID="P248_ST00024" HPOS="171" VPOS="313" WIDTH="56" HEIGHT="33" CONTENT="but" WC="0.75" CC="700"/>
						<SP ID="P248_SP00020" HPOS="227" VPOS="346" WIDTH="15"/>
						<String ID="P248_ST00025" HPOS="242" VPOS="319" WIDTH="61" HEIGHT="27" CONTENT="two" WC="0.67" CC="090"/>
						<SP ID="P248_SP00021" HPOS="303" VPOS="346" WIDTH="17"/>
						<String ID="P248_ST00026" HPOS="320" VPOS="314" WIDTH="77" HEIGHT="41" CONTENT="days" WC="0.89" CC="0004"/>
						<SP ID="P248_SP00022" HPOS="397" VPOS="355" WIDTH="16"/>
						<String ID="P248_ST00027" HPOS="413" VPOS="314" WIDTH="31" HEIGHT="31" CONTENT="in" WC="0.56" CC="35"/>
						<SP ID="P248_SP00023" HPOS="444" VPOS="355" WIDTH="15"/>
						<String ID="P248_ST00028" HPOS="459" VPOS="314" WIDTH="53" HEIGHT="31" CONTENT="the" WC="0.62" CC="370"/>
						<SP ID="P248_SP00024" HPOS="512" VPOS="355" WIDTH="17"/>
						<String ID="P248_ST00029" HPOS="529" VPOS="313" WIDTH="87" HEIGHT="32" CONTENT="Aveek" WC="0.96" CC="00200"/>
						<SP ID="P248_SP00025" HPOS="616" VPOS="355" WIDTH="11"/>
						<String ID="P248_ST00030" HPOS="627" VPOS="312" WIDTH="112" HEIGHT="40" CONTENT="Avhere," WC="0.79" CC="0070500"/>
						<SP ID="P248_SP00026" HPOS="739" VPOS="355" WIDTH="17"/>
						<String ID="P248_ST00031" HPOS="756" VPOS="310" WIDTH="42" HEIGHT="42" CONTENT="by" WC="0.94" CC="10"/>
						<SP ID="P248_SP00027" HPOS="798" VPOS="355" WIDTH="11"/>
						<String ID="P248_ST00032" HPOS="809" VPOS="321" WIDTH="19" HEIGHT="21" CONTENT="a" WC="1.00" CC="0"/>
						<SP ID="P248_SP00028" HPOS="828" VPOS="355" WIDTH="13"/>
						<String ID="P248_ST00033" HPOS="841" VPOS="307" WIDTH="158" HEIGHT="34" CONTENT="combina" SUBS_TYPE="HypPart1" SUBS_CONTENT="combination," WC="0.79" CC="00054600"/>
						<HYP CONTENT="-"/>
					</TextLine>
					<TextLine ID="P248_TL00006" HPOS="171" VPOS="370" WIDTH="828" HEIGHT="46">
						<String ID="P248_ST00034" HPOS="171" VPOS="376" WIDTH="72" HEIGHT="39" CONTENT="tion," SUBS_TYPE="HypPart2" SUBS_CONTENT="combination," WC="0.74" CC="05070"/>
						<SP ID="P248_SP00029" HPOS="243" VPOS="415" WIDTH="18"/>
						<String ID="P248_ST00035" HPOS="261" VPOS="376" WIDTH="24" HEIGHT="31" CONTENT="it" WC="0.55" CC="35"/>
						<SP ID="P248_SP00030" HPOS="285" VPOS="415" WIDTH="15"/>
						<String ID="P248_ST00036" HPOS="300" VPOS="387" WIDTH="57" HEIGHT="21" CONTENT="can" WC="0.71" CC="034"/>
						<SP ID="P248_SP00031" HPOS="357" VPOS="415" WIDTH="15"/>
						<String ID="P248_ST00037" HPOS="372" VPOS="376" WIDTH="39" HEIGHT="32" CONTENT="be" WC="0.67" CC="60"/>
						<SP ID="P248_SP00032" HPOS="411" VPOS="415" WIDTH="16"/>
						<String ID="P248_ST00038" HPOS="427" VPOS="376" WIDTH="79" HEIGHT="32" CONTENT="done" WC="0.83" CC="0150"/>
						<SP ID="P248_SP00033" HPOS="506" VPOS="415" WIDTH="14"/>
						<String ID="P248_ST00039" HPOS="520" VPOS="388" WIDTH="7" HEIGHT="28" CONTENT=";" WC="0.87" CC="1"/>
						<SP ID="P248_SP00034" HPOS="527" VPOS="416" WIDTH="32"/>
						<String ID="P248_ST00040" HPOS="559" VPOS="375" WIDTH="55" HEIGHT="31" CONTENT="but" WC="0.43" CC="555"/>
						<SP ID="P248_SP00035" HPOS="614" VPOS="416" WIDTH="16"/>
						<String ID="P248_ST00041" HPOS="630" VPOS="375" WIDTH="16" HEIGHT="31" CONTENT="I" WC="0.65" CC="3"/>
						<SP ID="P248_SP00036" HPOS="646" VPOS="416" WIDTH="16"/>
						<String ID="P248_ST00042" HPOS="662" VPOS="373" WIDTH="90" HEIGHT="32" CONTENT="made" WC="1.00" CC="0000"/>
						<SP ID="P248_SP00037" HPOS="752" VPOS="416" WIDTH="21"/>
						<String ID="P248_ST00043" HPOS="773" VPOS="372" WIDTH="53" HEIGHT="32" CONTENT="the" WC="0.68" CC="170"/>
						<SP ID="P248_SP00038" HPOS="826" VPOS="416" WIDTH="17"/>
						<String ID="P248_ST00044" HPOS="843" VPOS="370" WIDTH="156" HEIGHT="33" CONTENT="combina" SUBS_TYPE="HypPart1" SUBS_CONTENT="combination," WC="0.74" CC="02051703"/>
						<HYP CONTENT="-"/>
					</TextLine>
					<TextLine ID="P248_TL00007" HPOS="170" VPOS="433" WIDTH="829" HEIGHT="45">
						<String ID="P248_ST00045" HPOS="170" VPOS="437" WIDTH="73" HEIGHT="41" CONTENT="tion," SUBS_TYPE="HypPart2" SUBS_CONTENT="combination," WC="0.63" CC="23271"/>
						<SP ID="P248_SP00039" HPOS="243" VPOS="478" WIDTH="19"/>
						<String ID="P248_ST00046" HPOS="262" VPOS="438" WIDTH="60" HEIGHT="31" CONTENT="and" WC="0.73" CC="080"/>
						<SP ID="P248_SP00040" HPOS="322" VPOS="478" WIDTH="26"/>
						<String ID="P248_ST00047" HPOS="348" VPOS="438" WIDTH="14" HEIGHT="32" CONTENT="I" WC="0.55" CC="4"/>
						<SP ID="P248_SP00041" HPOS="362" VPOS="478" WIDTH="22"/>
						<String ID="P248_ST00048" HPOS="384" VPOS="437" WIDTH="79" HEIGHT="33" CONTENT="have" WC="0.81" CC="7000"/>
						<SP ID="P248_SP00042" HPOS="463" VPOS="478" WIDTH="24"/>
						<String ID="P248_ST00049" HPOS="487" VPOS="437" WIDTH="153" HEIGHT="41" CONTENT="managed" WC="0.64" CC="0860900"/>
						<SP ID="P248_SP00043" HPOS="640" VPOS="478" WIDTH="21"/>
						<String ID="P248_ST00050" HPOS="661" VPOS="437" WIDTH="23" HEIGHT="31" CONTENT="it" WC="0.84" CC="30"/>
						<SP ID="P248_SP00044" HPOS="684" VPOS="478" WIDTH="16"/>
						<String ID="P248_ST00051" HPOS="700" VPOS="447" WIDTH="76" HEIGHT="30" CONTENT="very" WC="0.83" CC="6000"/>
						<SP ID="P248_SP00045" HPOS="776" VPOS="478" WIDTH="15"/>
						<String ID="P248_ST00052" HPOS="791" VPOS="434" WIDTH="79" HEIGHT="32" CONTENT="Avell." WC="0.61" CC="960060"/>
						<SP ID="P248_SP00046" HPOS="870" VPOS="478" WIDTH="48"/>
						<String ID="P248_ST00053" HPOS="918" VPOS="433" WIDTH="15" HEIGHT="31" CONTENT="I" WC="0.74" CC="2"/>
						<SP ID="P248_SP00047" HPOS="933" VPOS="478" WIDTH="17"/>
						<String ID="P248_ST00054" HPOS="950" VPOS="443" WIDTH="49" HEIGHT="21" CONTENT="am" WC="1.00" CC="00"/>
					</TextLine>
					<TextLine ID="P248_TL00008" HPOS="171" VPOS="494" WIDTH="826" HEIGHT="47">
						<String ID="P248_ST00055" HPOS="171" VPOS="499" WIDTH="154" HEIGHT="42" CONTENT="supposed" WC="0.79" CC="67000300"/>
						<SP ID="P248_SP00048" HPOS="325" VPOS="541" WIDTH="15"/>
						<String ID="P248_ST00056" HPOS="340" VPOS="504" WIDTH="32" HEIGHT="27" CONTENT="to" WC="0.95" CC="00"/>
						<SP ID="P248_SP00049" HPOS="372" VPOS="541" WIDTH="16"/>
						<String ID="P248_ST00057" HPOS="388" VPOS="500" WIDTH="37" HEIGHT="31" CONTENT="be" WC="0.85" CC="20"/>
						<SP ID="P248_SP00050" HPOS="425" VPOS="541" WIDTH="17"/>
						<String ID="P248_ST00058" HPOS="442" VPOS="503" WIDTH="30" HEIGHT="28" CONTENT="at" WC="0.73" CC="05"/>
						<SP ID="P248_SP00051" HPOS="472" VPOS="541" WIDTH="12"/>
						<String ID="P248_ST00059" HPOS="484" VPOS="499" WIDTH="52" HEIGHT="32" CONTENT="the" WC="0.75" CC="070"/>
						<SP ID="P248_SP00052" HPOS="536" VPOS="541" WIDTH="10"/>
						<String ID="P248_ST00060" HPOS="546" VPOS="498" WIDTH="124" HEIGHT="42" CONTENT="fencing" WC="0.69" CC="3040570"/>
						<SP ID="P248_SP00053" HPOS="670" VPOS="541" WIDTH="13"/>
						<String ID="P248_ST00061" HPOS="683" VPOS="497" WIDTH="135" HEIGHT="40" CONTENT='school,"' WC="0.69" CC="30733006"/>
						<SP ID="P248_SP00054" HPOS="818" VPOS="541" WIDTH="15"/>
						<String ID="P248_ST00062" HPOS="833" VPOS="496" WIDTH="39" HEIGHT="31" CONTENT="he" WC="0.63" CC="70"/>
						<SP ID="P248_SP00055" HPOS="872" VPOS="541" WIDTH="16"/>
						<String ID="P248_ST00063" HPOS="888" VPOS="494" WIDTH="109" HEIGHT="41" CONTENT="added," WC="1.00" CC="000000"/>
					</TextLine>
					<TextLine ID="P248_TL00009" HPOS="171" VPOS="557" WIDTH="828" HEIGHT="45">
						<String ID="P248_ST00064" HPOS="171" VPOS="560" WIDTH="74" HEIGHT="33" CONTENT="with" WC="0.58" CC="2707"/>
						<SP ID="P248_SP00056" HPOS="245" VPOS="593" WIDTH="16"/>
						<String ID="P248_ST00065" HPOS="261" VPOS="572" WIDTH="18" HEIGHT="21" CONTENT="a" WC="1.00" CC="0"/>
						<SP ID="P248_SP00057" HPOS="279" VPOS="593" WIDTH="16"/>
						<String ID="P248_ST00066" HPOS="295" VPOS="561" WIDTH="69" HEIGHT="32" CONTENT="look" WC="0.81" CC="6000"/>
						<SP ID="P248_SP00058" HPOS="364" VPOS="593" WIDTH="17"/>
						<String ID="P248_ST00067" HPOS="381" VPOS="561" WIDTH="34" HEIGHT="32" CONTENT="of" WC="0.93" CC="10"/>
						<SP ID="P248_SP00059" HPOS="415" VPOS="593" WIDTH="20"/>
						<String ID="P248_ST00068" HPOS="435" VPOS="565" WIDTH="89" HEIGHT="37" CONTENT="great" WC="0.86" CC="06000"/>
						<SP ID="P248_SP00060" HPOS="524" VPOS="602" WIDTH="24"/>
						<String ID="P248_ST00069" HPOS="548" VPOS="559" WIDTH="192" HEIGHT="43" CONTENT="superiority." WC="0.71" CC="670064053000"/>
						<SP ID="P248_SP00061" HPOS="740" VPOS="602" WIDTH="49"/>
						<String ID="P248_ST00070" HPOS="789" VPOS="559" WIDTH="17" HEIGHT="14" CONTENT='"' WC="0.54" CC="4"/>
						<SP ID="P248_SP00062" HPOS="806" VPOS="602" WIDTH="12"/>
						<String ID="P248_ST00071" HPOS="818" VPOS="558" WIDTH="15" HEIGHT="32" CONTENT="I" WC="1.00" CC="0"/>
						<SP ID="P248_SP00063" HPOS="833" VPOS="602" WIDTH="17"/>
						<String ID="P248_ST00072" HPOS="850" VPOS="569" WIDTH="40" HEIGHT="30" CONTENT="go" WC="0.97" CC="00"/>
						<SP ID="P248_SP00064" HPOS="890" VPOS="602" WIDTH="21"/>
						<String ID="P248_ST00073" HPOS="911" VPOS="557" WIDTH="88" HEIGHT="32" CONTENT="there" WC="0.66" CC="27060"/>
					</TextLine>
					<TextLine ID="P248_TL00010" HPOS="171" VPOS="620" WIDTH="828" HEIGHT="41">
						<String ID="P248_ST00074" HPOS="171" VPOS="623" WIDTH="86" HEIGHT="31" CONTENT="alone" WC="0.65" CC="90070"/>
						<String ID="P248_ST00075" HPOS="258" VPOS="643" WIDTH="43" HEIGHT="2" CONTENT="—" WC="0.20" CC="8"/>
						<String ID="P248_ST00076" HPOS="303" VPOS="624" WIDTH="15" HEIGHT="30" CONTENT="I" WC="0.85" CC="1"/>
						<SP ID="P248_SP00065" HPOS="318" VPOS="654" WIDTH="38"/>
						<String ID="P248_ST00077" HPOS="356" VPOS="635" WIDTH="89" HEIGHT="20" CONTENT="mean" WC="0.77" CC="0090"/>
						<SP ID="P248_SP00066" HPOS="445" VPOS="655" WIDTH="38"/>
						<String ID="P248_ST00078" HPOS="483" VPOS="622" WIDTH="130" HEIGHT="32" CONTENT="Avithout" WC="0.63" CC="05037354"/>
						<SP ID="P248_SP00067" HPOS="613" VPOS="655" WIDTH="37"/>
						<String ID="P248_ST00079" HPOS="650" VPOS="622" WIDTH="53" HEIGHT="31" CONTENT="the" WC="0.75" CC="070"/>
						<SP ID="P248_SP00068" HPOS="703" VPOS="655" WIDTH="31"/>
						<String ID="P248_ST00080" HPOS="734" VPOS="620" WIDTH="100" HEIGHT="32" CONTENT="Abbe." WC="0.83" CC="01070"/>
						<SP ID="P248_SP00069" HPOS="834" VPOS="655" WIDTH="60"/>
						<String ID="P248_ST00081" HPOS="894" VPOS="620" WIDTH="105" HEIGHT="41" CONTENT="Roger" WC="0.82" CC="70001"/>
					</TextLine>
					<TextLine ID="P248_TL00011" HPOS="171" VPOS="680" WIDTH="825" HEIGHT="44">
						<String ID="P248_ST00082" HPOS="171" VPOS="684" WIDTH="37" HEIGHT="31" CONTENT="de" WC="1.00" CC="00"/>
						<SP ID="P248_SP00070" HPOS="208" VPOS="715" WIDTH="19"/>
						<String ID="P248_ST00083" HPOS="227" VPOS="684" WIDTH="162" HEIGHT="40" CONTENT="Damville," WC="0.73" CC="700604500"/>
						<SP ID="P248_SP00071" HPOS="389" VPOS="724" WIDTH="28"/>
						<String ID="P248_ST00084" HPOS="417" VPOS="684" WIDTH="60" HEIGHT="31" CONTENT="and" WC="0.63" CC="460"/>
						<SP ID="P248_SP00072" HPOS="477" VPOS="724" WIDTH="23"/>
						<String ID="P248_ST00085" HPOS="500" VPOS="683" WIDTH="117" HEIGHT="32" CONTENT="Adrien" WC="0.63" CC="005627"/>
						<SP ID="P248_SP00073" HPOS="617" VPOS="724" WIDTH="27"/>
						<String ID="P248_ST00086" HPOS="644" VPOS="683" WIDTH="37" HEIGHT="31" CONTENT="de" WC="1.00" CC="00"/>
						<SP ID="P248_SP00074" HPOS="681" VPOS="724" WIDTH="19"/>
						<String ID="P248_ST00087" HPOS="700" VPOS="682" WIDTH="163" HEIGHT="40" CONTENT="Villecour," WC="0.77" CC="0253000550"/>
						<SP ID="P248_SP00075" HPOS="863" VPOS="724" WIDTH="21"/>
						<String ID="P248_ST00088" HPOS="884" VPOS="680" WIDTH="62" HEIGHT="33" CONTENT="and" WC="0.74" CC="070"/>
						<SP ID="P248_SP00076" HPOS="946" VPOS="724" WIDTH="25"/>
						<String ID="P248_ST00089" HPOS="971" VPOS="680" WIDTH="25" HEIGHT="40" CONTENT="I," WC="1.00" CC="00"/>
					</TextLine>
					<TextLine ID="P248_TL00012" HPOS="171" VPOS="742" WIDTH="827" HEIGHT="44">
						<String ID="P248_ST00090" HPOS="171" VPOS="757" WIDTH="46" HEIGHT="20" CONTENT="we" WC="1.00" CC="00"/>
						<SP ID="P248_SP00077" HPOS="217" VPOS="777" WIDTH="15"/>
						<String ID="P248_ST00091" HPOS="232" VPOS="746" WIDTH="72" HEIGHT="31" CONTENT="take" WC="0.84" CC="2030"/>
						<SP ID="P248_SP00078" HPOS="304" VPOS="777" WIDTH="18"/>
						<String ID="P248_ST00092" HPOS="322" VPOS="757" WIDTH="55" HEIGHT="20" CONTENT="our" WC="0.70" CC="053"/>
						<SP ID="P248_SP00079" HPOS="377" VPOS="777" WIDTH="16"/>
						<String ID="P248_ST00093" HPOS="393" VPOS="746" WIDTH="102" HEIGHT="31" CONTENT="lesson" WC="0.79" CC="002306"/>
						<SP ID="P248_SP00080" HPOS="495" VPOS="777" WIDTH="22"/>
						<String ID="P248_ST00094" HPOS="517" VPOS="757" WIDTH="40" HEIGHT="20" CONTENT="on" WC="0.84" CC="03"/>
						<SP ID="P248_SP00081" HPOS="557" VPOS="777" WIDTH="17"/>
						<String ID="P248_ST00095" HPOS="574" VPOS="745" WIDTH="159" HEIGHT="41" CONTENT="Tuesdays" WC="0.84" CC="02040006"/>
						<SP ID="P248_SP00082" HPOS="733" VPOS="786" WIDTH="19"/>
						<String ID="P248_ST00096" HPOS="752" VPOS="744" WIDTH="60" HEIGHT="31" CONTENT="and" WC="0.86" CC="040"/>
						<SP ID="P248_SP00083" HPOS="812" VPOS="786" WIDTH="15"/>
						<String ID="P248_ST00097" HPOS="827" VPOS="742" WIDTH="171" HEIGHT="42" CONTENT="Saturdays" WC="0.68" CC="706440005"/>
					</TextLine>
					<TextLine ID="P248_TL00013" HPOS="170" VPOS="804" WIDTH="828" HEIGHT="44">
						<String ID="P248_ST00098" HPOS="170" VPOS="807" WIDTH="141" HEIGHT="40" CONTENT="together" WC="0.89" CC="10000700"/>
						<String ID="P248_ST00099" HPOS="325" VPOS="820" WIDTH="6" HEIGHT="26" CONTENT=";" WC="0.79" CC="2"/>
						<SP ID="P248_SP00084" HPOS="331" VPOS="847" WIDTH="32"/>
						<String ID="P248_ST00100" HPOS="363" VPOS="807" WIDTH="59" HEIGHT="31" CONTENT="and" WC="0.87" CC="030"/>
						<SP ID="P248_SP00085" HPOS="422" VPOS="847" WIDTH="19"/>
						<String ID="P248_ST00101" HPOS="441" VPOS="807" WIDTH="129" HEIGHT="41" CONTENT="Roger's" WC="0.69" CC="5390200"/>
						<SP ID="P248_SP00086" HPOS="570" VPOS="848" WIDTH="23"/>
						<String ID="P248_ST00102" HPOS="593" VPOS="806" WIDTH="33" HEIGHT="31" CONTENT="ill" WC="0.68" CC="512"/>
						<SP ID="P248_SP00087" HPOS="626" VPOS="848" WIDTH="25"/>
						<String ID="P248_ST00103" HPOS="651" VPOS="806" WIDTH="31" HEIGHT="31" CONTENT="in" WC="0.42" CC="56"/>
						<SP ID="P248_SP00088" HPOS="682" VPOS="848" WIDTH="24"/>
						<String ID="P248_ST00104" HPOS="706" VPOS="805" WIDTH="60" HEIGHT="32" CONTENT="bed" WC="0.76" CC="700"/>
						<SP ID="P248_SP00089" HPOS="766" VPOS="848" WIDTH="15"/>
						<String ID="P248_ST00105" HPOS="781" VPOS="804" WIDTH="76" HEIGHT="32" CONTENT="with" WC="0.54" CC="0647"/>
						<SP ID="P248_SP00090" HPOS="857" VPOS="848" WIDTH="24"/>
						<String ID="P248_ST00106" HPOS="881" VPOS="804" WIDTH="117" HEIGHT="42" CONTENT="typhus" WC="0.62" CC="400755"/>
					</TextLine>
					<TextLine ID="P248_TL00014" HPOS="170" VPOS="866" WIDTH="829" HEIGHT="42">
						<String ID="P248_ST00107" HPOS="170" VPOS="868" WIDTH="91" HEIGHT="40" CONTENT="fever," WC="0.90" CC="005000"/>
						<SP ID="P248_SP00091" HPOS="261" VPOS="908" WIDTH="19"/>
						<String ID="P248_ST00108" HPOS="280" VPOS="879" WIDTH="33" HEIGHT="21" CONTENT="so" WC="0.66" CC="51"/>
						<SP ID="P248_SP00092" HPOS="313" VPOS="908" WIDTH="17"/>
						<String ID="P248_ST00109" HPOS="330" VPOS="868" WIDTH="115" HEIGHT="32" CONTENT="Adrien" WC="0.81" CC="002405"/>
						<SP ID="P248_SP00093" HPOS="445" VPOS="908" WIDTH="17"/>
						<String ID="P248_ST00110" HPOS="462" VPOS="867" WIDTH="61" HEIGHT="33" CONTENT="and" WC="0.83" CC="050"/>
						<SP ID="P248_SP00094" HPOS="523" VPOS="908" WIDTH="16"/>
						<String ID="P248_ST00111" HPOS="539" VPOS="867" WIDTH="15" HEIGHT="32" CONTENT="I" WC="1.00" CC="0"/>
						<SP ID="P248_SP00095" HPOS="554" VPOS="908" WIDTH="13"/>
						<String ID="P248_ST00112" HPOS="567" VPOS="878" WIDTH="51" HEIGHT="22" CONTENT="are" WC="0.79" CC="041"/>
						<SP ID="P248_SP00096" HPOS="618" VPOS="908" WIDTH="12"/>
						<String ID="P248_ST00113" HPOS="630" VPOS="867" WIDTH="88" HEIGHT="32" CONTENT="alone" WC="0.83" CC="00250"/>
						<SP ID="P248_SP00097" HPOS="718" VPOS="908" WIDTH="14"/>
						<String ID="P248_ST00114" HPOS="732" VPOS="879" WIDTH="7" HEIGHT="28" CONTENT=";" WC="0.74" CC="2"/>
						<SP ID="P248_SP00098" HPOS="739" VPOS="908" WIDTH="25"/>
						<String ID="P248_ST00115" HPOS="764" VPOS="866" WIDTH="122" HEIGHT="32" CONTENT="besides" WC="0.78" CC="4037000"/>
						<SP ID="P248_SP00099" HPOS="886" VPOS="908" WIDTH="11"/>
						<String ID="P248_ST00116" HPOS="897" VPOS="866" WIDTH="102" HEIGHT="31" CONTENT="Avhich" WC="0.74" CC="006107"/>
					</TextLine>
					<TextLine ID="P248_TL00015" HPOS="170" VPOS="928" WIDTH="829" HEIGHT="43">
						<String ID="P248_ST00117" HPOS="170" VPOS="940" WIDTH="53" HEIGHT="31" CONTENT="my" WC="1.00" CC="00"/>
						<SP ID="P248_SP00100" HPOS="223" VPOS="971" WIDTH="15"/>
						<String ID="P248_ST00118" HPOS="238" VPOS="929" WIDTH="121" HEIGHT="32" CONTENT="mother" WC="0.75" CC="001706"/>
						<SP ID="P248_SP00101" HPOS="359" VPOS="971" WIDTH="16"/>
						<String ID="P248_ST00119" HPOS="375" VPOS="929" WIDTH="25" HEIGHT="32" CONTENT="is" WC="0.84" CC="20"/>
						<SP ID="P248_SP00102" HPOS="400" VPOS="971" WIDTH="25"/>
						<String ID="P248_ST00120" HPOS="425" VPOS="934" WIDTH="32" HEIGHT="27" CONTENT="at" WC="1.00" CC="00"/>
						<SP ID="P248_SP00103" HPOS="457" VPOS="971" WIDTH="15"/>
						<String ID="P248_ST00121" HPOS="472" VPOS="929" WIDTH="91" HEIGHT="32" CONTENT="home" WC="0.75" CC="7002"/>
						<SP ID="P248_SP00104" HPOS="563" VPOS="971" WIDTH="16"/>
						<String ID="P248_ST00122" HPOS="579" VPOS="929" WIDTH="41" HEIGHT="32" CONTENT="all" WC="0.88" CC="003"/>
						<SP ID="P248_SP00105" HPOS="620" VPOS="971" WIDTH="26"/>
						<String ID="P248_ST00123" HPOS="646" VPOS="928" WIDTH="60" HEIGHT="43" CONTENT="day" WC="1.00" CC="000"/>
						<SP ID="P248_SP00106" HPOS="706" VPOS="971" WIDTH="17"/>
						<String ID="P248_ST00124" HPOS="723" VPOS="939" WIDTH="39" HEIGHT="21" CONTENT="on" WC="0.72" CC="05"/>
						<SP ID="P248_SP00107" HPOS="762" VPOS="971" WIDTH="16"/>
						<String ID="P248_ST00125" HPOS="778" VPOS="939" WIDTH="19" HEIGHT="21" CONTENT="a" WC="1.00" CC="0"/>
						<SP ID="P248_SP00108" HPOS="797" VPOS="971" WIDTH="14"/>
						<String ID="P248_ST00126" HPOS="811" VPOS="928" WIDTH="188" HEIGHT="41" CONTENT="Tuesday" SUBS_TYPE="HypPart1" SUBS_CONTENT="Tuesdayshe" WC="0.85" CC="04000007"/>
						<HYP CONTENT="-"/>
					</TextLine>
					<TextLine ID="P248_TL00016" HPOS="171" VPOS="989" WIDTH="828" HEIGHT="43">
						<String ID="P248_ST00127" HPOS="171" VPOS="989" WIDTH="54" HEIGHT="33" CONTENT="she" SUBS_TYPE="HypPart2" SUBS_CONTENT="Tuesdayshe" WC="0.60" CC="470"/>
						<SP ID="P248_SP00109" HPOS="225" VPOS="1022" WIDTH="26"/>
						<String ID="P248_ST00128" HPOS="251" VPOS="990" WIDTH="135" HEIGHT="32" CONTENT="receives" WC="0.82" CC="30003303"/>
						<String ID="P248_ST00129" HPOS="387" VPOS="1011" WIDTH="43" HEIGHT="2" CONTENT="—" WC="0.20" CC="8"/>
						<String ID="P248_ST00130" HPOS="433" VPOS="1002" WIDTH="32" HEIGHT="20" CONTENT="so" WC="0.71" CC="50"/>
						<SP ID="P248_SP00110" HPOS="465" VPOS="1022" WIDTH="26"/>
						<String ID="P248_ST00131" HPOS="491" VPOS="990" WIDTH="14" HEIGHT="32" CONTENT="I" WC="1.00" CC="0"/>
						<SP ID="P248_SP00111" HPOS="505" VPOS="1022" WIDTH="25"/>
						<String ID="P248_ST00132" HPOS="530" VPOS="1002" WIDTH="64" HEIGHT="20" CONTENT="was" WC="0.87" CC="003"/>
						<SP ID="P248_SP00112" HPOS="594" VPOS="1022" WIDTH="28"/>
						<String ID="P248_ST00133" HPOS="622" VPOS="990" WIDTH="82" HEIGHT="42" CONTENT="quite" WC="0.86" CC="06000"/>
						<SP ID="P248_SP00113" HPOS="704" VPOS="1032" WIDTH="29"/>
						<String ID="P248_ST00134" HPOS="733" VPOS="989" WIDTH="72" HEIGHT="41" CONTENT="safe," WC="0.83" CC="50002"/>
						<SP ID="P248_SP00114" HPOS="805" VPOS="1032" WIDTH="23"/>
						<String ID="P248_ST00135" HPOS="828" VPOS="989" WIDTH="46" HEIGHT="32" CONTENT="for" WC="0.81" CC="005"/>
						<SP ID="P248_SP00115" HPOS="874" VPOS="1032" WIDTH="25"/>
						<String ID="P248_ST00136" HPOS="899" VPOS="989" WIDTH="15" HEIGHT="32" CONTENT="I" WC="0.56" CC="4"/>
						<SP ID="P248_SP00116" HPOS="914" VPOS="1032" WIDTH="28"/>
						<String ID="P248_ST00137" HPOS="942" VPOS="1000" WIDTH="57" HEIGHT="21" CONTENT="can" WC="0.76" CC="007"/>
					</TextLine>
					<TextLine ID="P248_TL00017" HPOS="170" VPOS="1051" WIDTH="507" HEIGHT="42">
						<String ID="P248_ST00138" HPOS="170" VPOS="1055" WIDTH="79" HEIGHT="27" CONTENT="trust" WC="0.51" CC="23745"/>
						<SP ID="P248_SP00117" HPOS="249" VPOS="1082" WIDTH="16"/>
						<String ID="P248_ST00139" HPOS="265" VPOS="1051" WIDTH="118" HEIGHT="32" CONTENT="Adrien" WC="0.86" CC="000206"/>
						<SP ID="P248_SP00118" HPOS="383" VPOS="1083" WIDTH="15"/>
						<String ID="P248_ST00140" HPOS="398" VPOS="1056" WIDTH="31" HEIGHT="27" CONTENT="to" WC="0.73" CC="50"/>
						<SP ID="P248_SP00119" HPOS="429" VPOS="1083" WIDTH="17"/>
						<String ID="P248_ST00141" HPOS="446" VPOS="1063" WIDTH="59" HEIGHT="30" CONTENT="any" WC="0.76" CC="070"/>
						<SP ID="P248_SP00120" HPOS="505" VPOS="1093" WIDTH="17"/>
						<String ID="P248_ST00142" HPOS="522" VPOS="1052" WIDTH="155" HEIGHT="31" CONTENT='amount."' WC="0.60" CC="60046706"/>
					</TextLine>
				</TextBlock>
				<TextBlock ID="P248_TB00004" HPOS="171" VPOS="1111" WIDTH="828" HEIGHT="288" STYLEREFS="TXT_1 PAR_LEFT">
					<TextLine ID="P248_TL00018" HPOS="219" VPOS="1111" WIDTH="780" HEIGHT="44">
						<String ID="P248_ST00143" HPOS="219" VPOS="1111" WIDTH="116" HEIGHT="32" CONTENT="Olivier" WC="0.90" CC="0000006"/>
						<SP ID="P248_SP00121" HPOS="335" VPOS="1143" WIDTH="15"/>
						<String ID="P248_ST00144" HPOS="350" VPOS="1124" WIDTH="64" HEIGHT="20" CONTENT="was" WC="1.00" CC="000"/>
						<SP ID="P248_SP00122" HPOS="414" VPOS="1144" WIDTH="16"/>
						<String ID="P248_ST00145" HPOS="430" VPOS="1113" WIDTH="221" HEIGHT="40" CONTENT="embarrassed," WC="0.64" CC="100850853080"/>
						<SP ID="P248_SP00123" HPOS="651" VPOS="1153" WIDTH="19"/>
						<String ID="P248_ST00146" HPOS="670" VPOS="1113" WIDTH="61" HEIGHT="31" CONTENT="and" WC="0.82" CC="050"/>
						<SP ID="P248_SP00124" HPOS="731" VPOS="1153" WIDTH="20"/>
						<String ID="P248_ST00147" HPOS="751" VPOS="1112" WIDTH="94" HEIGHT="43" CONTENT="spoke" WC="0.84" CC="50020"/>
						<SP ID="P248_SP00125" HPOS="845" VPOS="1155" WIDTH="17"/>
						<String ID="P248_ST00148" HPOS="862" VPOS="1112" WIDTH="137" HEIGHT="42" CONTENT="volubly," WC="0.77" CC="40014700"/>
					</TextLine>
					<TextLine ID="P248_TL00019" HPOS="171" VPOS="1173" WIDTH="828" HEIGHT="43">
						<String ID="P248_ST00149" HPOS="171" VPOS="1173" WIDTH="61" HEIGHT="31" CONTENT="and" WC="0.75" CC="070"/>
						<SP ID="P248_SP00126" HPOS="232" VPOS="1204" WIDTH="16"/>
						<String ID="P248_ST00150" HPOS="248" VPOS="1185" WIDTH="83" HEIGHT="20" CONTENT="more" WC="0.82" CC="0070"/>
						<SP ID="P248_SP00127" HPOS="331" VPOS="1205" WIDTH="23"/>
						<String ID="P248_ST00151" HPOS="354" VPOS="1174" WIDTH="75" HEIGHT="31" CONTENT="than" WC="0.44" CC="1766"/>
						<SP ID="P248_SP00128" HPOS="429" VPOS="1205" WIDTH="23"/>
						<String ID="P248_ST00152" HPOS="452" VPOS="1186" WIDTH="61" HEIGHT="20" CONTENT="was" WC="0.78" CC="006"/>
						<SP ID="P248_SP00129" HPOS="513" VPOS="1206" WIDTH="23"/>
						<String ID="P248_ST00153" HPOS="536" VPOS="1175" WIDTH="47" HEIGHT="31" CONTENT="his" WC="0.47" CC="743"/>
						<SP ID="P248_SP00130" HPOS="583" VPOS="1206" WIDTH="24"/>
						<String ID="P248_ST00154" HPOS="607" VPOS="1179" WIDTH="85" HEIGHT="27" CONTENT="Avont" WC="0.66" CC="96000"/>
						<String ID="P248_ST00155" HPOS="705" VPOS="1188" WIDTH="7" HEIGHT="27" CONTENT=";" WC="0.91" CC="0"/>
						<SP ID="P248_SP00131" HPOS="712" VPOS="1215" WIDTH="32"/>
						<String ID="P248_ST00156" HPOS="744" VPOS="1175" WIDTH="62" HEIGHT="31" CONTENT="and" WC="0.77" CC="060"/>
						<SP ID="P248_SP00132" HPOS="806" VPOS="1215" WIDTH="22"/>
						<String ID="P248_ST00157" HPOS="828" VPOS="1175" WIDTH="171" HEIGHT="41" CONTENT="Theophile" WC="0.71" CC="060007055"/>
					</TextLine>
					<TextLine ID="P248_TL00020" HPOS="172" VPOS="1235" WIDTH="827" HEIGHT="43">
						<String ID="P248_ST00158" HPOS="172" VPOS="1235" WIDTH="92" HEIGHT="31" CONTENT="noted" WC="0.99" CC="00000"/>
						<SP ID="P248_SP00133" HPOS="264" VPOS="1266" WIDTH="23"/>
						<String ID="P248_ST00159" HPOS="287" VPOS="1236" WIDTH="41" HEIGHT="31" CONTENT="all" WC="0.67" CC="054"/>
						<SP ID="P248_SP00134" HPOS="328" VPOS="1267" WIDTH="25"/>
						<String ID="P248_ST00160" HPOS="353" VPOS="1236" WIDTH="86" HEIGHT="32" CONTENT="these" WC="0.69" CC="07061"/>
						<SP ID="P248_SP00135" HPOS="439" VPOS="1268" WIDTH="17"/>
						<String ID="P248_ST00161" HPOS="456" VPOS="1236" WIDTH="89" HEIGHT="31" CONTENT="small" WC="0.92" CC="40000"/>
						<SP ID="P248_SP00136" HPOS="545" VPOS="1268" WIDTH="23"/>
						<String ID="P248_ST00162" HPOS="568" VPOS="1237" WIDTH="84" HEIGHT="41" CONTENT="signs" WC="0.53" CC="35066"/>
						<SP ID="P248_SP00137" HPOS="652" VPOS="1278" WIDTH="22"/>
						<String ID="P248_ST00163" HPOS="674" VPOS="1248" WIDTH="34" HEIGHT="20" CONTENT="as" WC="0.82" CC="03"/>
						<SP ID="P248_SP00138" HPOS="708" VPOS="1278" WIDTH="16"/>
						<String ID="P248_ST00164" HPOS="724" VPOS="1236" WIDTH="39" HEIGHT="33" CONTENT="he" WC="0.45" CC="73"/>
						<SP ID="P248_SP00139" HPOS="763" VPOS="1278" WIDTH="17"/>
						<String ID="P248_ST00165" HPOS="780" VPOS="1242" WIDTH="48" HEIGHT="26" CONTENT="sat" WC="0.60" CC="604"/>
						<SP ID="P248_SP00140" HPOS="828" VPOS="1278" WIDTH="16"/>
						<String ID="P248_ST00166" HPOS="844" VPOS="1237" WIDTH="155" HEIGHT="41" CONTENT="Avatching" WC="0.77" CC="000027370"/>
					</TextLine>
					<TextLine ID="P248_TL00021" HPOS="172" VPOS="1297" WIDTH="827" HEIGHT="44">
						<String ID="P248_ST00167" HPOS="172" VPOS="1297" WIDTH="48" HEIGHT="31" CONTENT="his" WC="0.70" CC="710"/>
						<SP ID="P248_SP00141" HPOS="220" VPOS="1328" WIDTH="16"/>
						<String ID="P248_ST00168" HPOS="236" VPOS="1297" WIDTH="118" HEIGHT="40" CONTENT="visitor," WC="0.77" CC="40040043"/>
						<SP ID="P248_SP00142" HPOS="354" VPOS="1337" WIDTH="15"/>
						<String ID="P248_ST00169" HPOS="369" VPOS="1297" WIDTH="74" HEIGHT="32" CONTENT="with" WC="0.76" CC="0207"/>
						<SP ID="P248_SP00143" HPOS="443" VPOS="1337" WIDTH="16"/>
						<String ID="P248_ST00170" HPOS="459" VPOS="1298" WIDTH="48" HEIGHT="31" CONTENT="his" WC="0.74" CC="700"/>
						<SP ID="P248_SP00144" HPOS="507" VPOS="1337" WIDTH="23"/>
						<String ID="P248_ST00171" HPOS="530" VPOS="1298" WIDTH="106" HEIGHT="41" CONTENT="plump" WC="0.87" CC="00500"/>
						<SP ID="P248_SP00145" HPOS="636" VPOS="1339" WIDTH="16"/>
						<String ID="P248_ST00172" HPOS="652" VPOS="1298" WIDTH="99" HEIGHT="32" CONTENT="hands" WC="0.64" CC="70504"/>
						<SP ID="P248_SP00146" HPOS="751" VPOS="1339" WIDTH="24"/>
						<String ID="P248_ST00173" HPOS="775" VPOS="1298" WIDTH="125" HEIGHT="33" CONTENT="crossed" WC="0.82" CC="0611300"/>
						<SP ID="P248_SP00147" HPOS="900" VPOS="1339" WIDTH="16"/>
						<String ID="P248_ST00174" HPOS="916" VPOS="1310" WIDTH="83" HEIGHT="31" CONTENT="upon" WC="0.71" CC="6004"/>
					</TextLine>
					<TextLine ID="P248_TL00022" HPOS="172" VPOS="1356" WIDTH="280" HEIGHT="43">
						<String ID="P248_ST00175" HPOS="172" VPOS="1356" WIDTH="48" HEIGHT="32" CONTENT="his" WC="0.54" CC="714"/>
						<SP ID="P248_SP00148" HPOS="220" VPOS="1388" WIDTH="16"/>
						<String ID="P248_ST00176" HPOS="236" VPOS="1358" WIDTH="106" HEIGHT="41" CONTENT="plump" WC="0.77" CC="05600"/>
						<SP ID="P248_SP00149" HPOS="342" VPOS="1399" WIDTH="17"/>
						<String ID="P248_ST00177" HPOS="359" VPOS="1358" WIDTH="93" HEIGHT="33" CONTENT="chest." WC="0.78" CC="070310"/>
					</TextLine>
				</TextBlock>
				<TextBlock ID="P248_TB00005" HPOS="172" VPOS="1419" WIDTH="828" HEIGHT="164" STYLEREFS="TXT_1 PAR_LEFT">
					<TextLine ID="P248_TL00023" HPOS="220" VPOS="1419" WIDTH="780" HEIGHT="44">
						<String ID="P248_ST00178" HPOS="220" VPOS="1419" WIDTH="17" HEIGHT="14" CONTENT='"' WC="0.48" CC="5"/>
						<SP ID="P248_SP00150" HPOS="237" VPOS="1433" WIDTH="13"/>
						<String ID="P248_ST00179" HPOS="250" VPOS="1419" WIDTH="58" HEIGHT="30" CONTENT="I'm" WC="0.82" CC="500"/>
						<SP ID="P248_SP00151" HPOS="308" VPOS="1449" WIDTH="31"/>
						<String ID="P248_ST00180" HPOS="339" VPOS="1419" WIDTH="150" HEIGHT="42" CONTENT="sincerely" WC="0.76" CC="520006070"/>
						<SP ID="P248_SP00152" HPOS="489" VPOS="1461" WIDTH="31"/>
						<String ID="P248_ST00181" HPOS="520" VPOS="1419" WIDTH="135" HEIGHT="33" CONTENT="touched" WC="0.65" CC="6063700"/>
						<SP ID="P248_SP00153" HPOS="655" VPOS="1461" WIDTH="30"/>
						<String ID="P248_ST00182" HPOS="685" VPOS="1420" WIDTH="41" HEIGHT="42" CONTENT="by" WC="1.00" CC="00"/>
						<SP ID="P248_SP00154" HPOS="726" VPOS="1462" WIDTH="36"/>
						<String ID="P248_ST00183" HPOS="762" VPOS="1432" WIDTH="77" HEIGHT="31" CONTENT="your" WC="0.70" CC="0056"/>
						<SP ID="P248_SP00155" HPOS="839" VPOS="1463" WIDTH="30"/>
						<String ID="P248_ST00184" HPOS="869" VPOS="1433" WIDTH="131" HEIGHT="21" CONTENT="remem" SUBS_TYPE="HypPart1" SUBS_CONTENT="remembrance" WC="0.96" CC="000200"/>
						<HYP CONTENT="-"/>
					</TextLine>
					<TextLine ID="P248_TL00024" HPOS="173" VPOS="1479" WIDTH="827" HEIGHT="45">
						<String ID="P248_ST00185" HPOS="173" VPOS="1479" WIDTH="111" HEIGHT="31" CONTENT="brance" SUBS_TYPE="HypPart2" SUBS_CONTENT="remembrance" WC="0.61" CC="650703"/>
						<SP ID="P248_SP00156" HPOS="284" VPOS="1510" WIDTH="17"/>
						<String ID="P248_ST00186" HPOS="301" VPOS="1480" WIDTH="34" HEIGHT="30" CONTENT="of" WC="1.00" CC="00"/>
						<SP ID="P248_SP00157" HPOS="335" VPOS="1510" WIDTH="11"/>
						<String ID="P248_ST00187" HPOS="346" VPOS="1491" WIDTH="57" HEIGHT="29" CONTENT="me," WC="0.91" CC="020"/>
						<SP ID="P248_SP00158" HPOS="403" VPOS="1520" WIDTH="12"/>
						<String ID="P248_ST00188" HPOS="415" VPOS="1480" WIDTH="59" HEIGHT="32" CONTENT="I'm" WC="1.00" CC="000"/>
						<SP ID="P248_SP00159" HPOS="474" VPOS="1520" WIDTH="17"/>
						<String ID="P248_ST00189" HPOS="491" VPOS="1481" WIDTH="99" HEIGHT="40" CONTENT='sure,"' WC="0.60" CC="464024"/>
						<SP ID="P248_SP00160" HPOS="590" VPOS="1521" WIDTH="12"/>
						<String ID="P248_ST00190" HPOS="602" VPOS="1482" WIDTH="179" HEIGHT="31" CONTENT="murmured" WC="0.59" CC="06505409"/>
						<SP ID="P248_SP00161" HPOS="781" VPOS="1521" WIDTH="13"/>
						<String ID="P248_ST00191" HPOS="794" VPOS="1483" WIDTH="186" HEIGHT="33" CONTENT="Mardonnet" WC="0.85" CC="007000600"/>
						<String ID="P248_ST00192" HPOS="994" VPOS="1497" WIDTH="6" HEIGHT="27" CONTENT=";" WC="0.63" CC="3"/>
					</TextLine>
					<TextLine ID="P248_TL00025" HPOS="176" VPOS="1539" WIDTH="824" HEIGHT="44">
						<String ID="P248_ST00193" HPOS="176" VPOS="1540" WIDTH="17" HEIGHT="13" CONTENT='"' WC="0.84" CC="1"/>
						<SP ID="P248_SP00162" HPOS="193" VPOS="1553" WIDTH="12"/>
						<String ID="P248_ST00194" HPOS="205" VPOS="1539" WIDTH="57" HEIGHT="31" CONTENT="but" WC="0.76" CC="700"/>
						<SP ID="P248_SP00163" HPOS="262" VPOS="1570" WIDTH="16"/>
						<String ID="P248_ST00195" HPOS="278" VPOS="1545" WIDTH="30" HEIGHT="26" CONTENT="at" WC="0.52" CC="90"/>
						<SP ID="P248_SP00164" HPOS="308" VPOS="1571" WIDTH="17"/>
						<String ID="P248_ST00196" HPOS="325" VPOS="1552" WIDTH="78" HEIGHT="29" CONTENT="your" WC="0.72" CC="0046"/>
						<SP ID="P248_SP00165" HPOS="403" VPOS="1581" WIDTH="16"/>
						<String ID="P248_ST00197" HPOS="419" VPOS="1552" WIDTH="57" HEIGHT="30" CONTENT="age" WC="1.00" CC="000"/>
						<SP ID="P248_SP00166" HPOS="476" VPOS="1582" WIDTH="15"/>
						<String ID="P248_ST00198" HPOS="491" VPOS="1541" WIDTH="53" HEIGHT="32" CONTENT="the" WC="0.56" CC="570"/>
						<SP ID="P248_SP00167" HPOS="544" VPOS="1582" WIDTH="16"/>
						<String ID="P248_ST00199" HPOS="560" VPOS="1541" WIDTH="130" HEIGHT="42" CONTENT="feelings" WC="0.65" CC="00036492"/>
						<SP ID="P248_SP00168" HPOS="690" VPOS="1583" WIDTH="21"/>
						<String ID="P248_ST00200" HPOS="711" VPOS="1554" WIDTH="52" HEIGHT="20" CONTENT="are" WC="0.89" CC="003"/>
						<SP ID="P248_SP00169" HPOS="763" VPOS="1583" WIDTH="15"/>
						<String ID="P248_ST00201" HPOS="778" VPOS="1555" WIDTH="105" HEIGHT="28" CONTENT="warm," WC="0.85" CC="00601"/>
						<SP ID="P248_SP00170" HPOS="883" VPOS="1583" WIDTH="17"/>
						<String ID="P248_ST00202" HPOS="900" VPOS="1545" WIDTH="62" HEIGHT="31" CONTENT="and" WC="0.76" CC="070"/>
						<SP ID="P248_SP00171" HPOS="962" VPOS="1583" WIDTH="15"/>
						<String ID="P248_ST00203" HPOS="977" VPOS="1546" WIDTH="23" HEIGHT="32" CONTENT="it" WC="0.68" CC="60"/>
					</TextLine>
				</TextBlock>
			</PrintSpace>
		</Page>
	</Layout>
</alto>
