1090 1740
177 121 54 25 266

410 127 83 21 LOVE
517 126 63 21 THE
603 123 161 24 AVENGER.

179 204 134 41 knitting
330 216 38 19 on
385 204 55 31 her
456 204 78 30 knee
550 202 62 32 this
628 201 83 40 time,
730 198 135 35 drawled
886 201 51 28 out
953 196 55 32 her

179 266 203 32 exclamation
405 265 160 41 lengthily,
583 264 61 31 and
661 263 77 42 kept
754 262 56 32 her
831 272 72 32 eyes
926 258 82 33 fixed

178 338 40 21 on
235 327 100 32 Count
357 327 128 42 Dupont
501 326 75 32 with
600 338 33 19 so
658 326 120 30 intense
801 335 19 20 a
842 334 76 31 gaze
942 322 66 32 that

179 388 73 43 they
283 388 123 33 seemed
437 393 31 28 to
500 388 71 32 look
600 387 136 42 through
770 386 73 41 him,
876 384 61 33 and
968 395 40 31 go

179 450 46 32 far
255 450 46 32 far
331 462 88 31 away
443 450 64 32 into
547 462 83 20 some
670 449 115 33 distant
819 447 189 44 speculative

177 513 141 40 thought.

224 575 101 32 Count
344 575 129 41 Dupont
495 575 73 31 took
592 578 53 28 out
668 573 47 32 his
731 572 101 32 watch
854 571 62 32 and
937 582 68 21 rose

178 636 78 31 from
272 636 47 32 his
337 641 72 27 seat.
490 636 14 31 I
520 640 82 27 must
617 635 90 32 make
865 633 66 32 said
947 632 39 32 he
998 646 7 27 ;

306 702 70 37 past
390 697 53 32 the
459 697 74 32 time
550 697 15 31 I
582 696 109 32 settled
705 700 33 27 to
755 699 82 28 meet
854 707 18 20 a
887 706 73 20 man
974 698 31 27 at

178 758 52 33 the
256 758 79 33 club.
383 759 15 31 I
423 758 78 33 have
527 758 51 33 the
604 758 117 32 honour
746 763 32 27 to
804 762 125 37 present
953 769 52 29 my

178 819 131 43 homage
325 824 32 28 to
373 831 70 32 you,
466 819 143 33 Madame
633 819 29 32 la
891 818 62 32 and
967 818 38 32 he

179 881 156 32 advanced
348 882 134 31 toAvards
497 881 53 32 the
566 881 162 42 Dowager,
747 881 61 31 and
825 880 112 32 offered
950 880 55 32 her

176 943 48 31 his
240 943 90 31 hand.

254 1005 66 31 Tell
350 1017 57 28 me,
435 1005 84 32 what
549 1017 63 20 was
642 1005 70 32 that
743 1005 171 32 wonderful
943 1005 60 32 fete

177 1067 135 32 Maurice
329 1079 78 30 gave
424 1067 61 33 last
501 1068 86 32 week
603 1073 31 27 at
660 1069 43 32 St.
722 1068 148 32 Germain
882 1070 15 30 ?
951 1067 52 33 she

176 1128 148 42 inquired,
344 1129 62 32 still
422 1129 127 42 holding
564 1130 99 32 Henri
679 1131 155 40 Dupont's
850 1130 91 32 hand.

252 1189 49 33 Oh
314 1191 6 31 !
346 1191 176 42 something
546 1191 163 43 positively

176 1250 114 42 replied
306 1251 38 31 he
356 1265 7 28 ;
452 1252 137 42 banquet
611 1253 31 31 in
666 1265 18 20 a
707 1254 133 41 pavilion
863 1254 77 31 built
962 1266 41 30 up

177 1324 38 19 on
231 1324 132 30 purpose
387 1313 31 31 in
440 1313 53 33 the
517 1314 102 41 forest,
645 1327 19 19 a
688 1316 171 41 torchlight
881 1327 122 31 proces-

177 1376 74 40 sion,
283 1376 165 42 fireworks,
483 1378 113 42 special
633 1379 105 41 trains,
778 1380 121 32 heaven
931 1381 72 41 only

175 1437 108 33 knows
299 1438 84 32 what
406 1438 39 32 all
460 1440 6 31 !
493 1439 23 31 it
538 1444 82 27 must
643 1440 78 32 have
745 1446 68 27 cost
836 1442 64 33 him
924 1443 79 42 forty

175 1509 35 19 or
240 1498 67 42 fifty
337 1499 153 32 thousand
522 1500 100 32 francs
654 1513 34 19 or
717 1514 93 28 more,
843 1503 46 32 for
915 1505 88 32 there

177 1570 64 19 was
264 1571 18 20 a
304 1560 126 39 theatre,
450 1562 75 30 Avith
548 1562 52 32 the
624 1563 142 31 orchesta
788 1564 36 30 of
842 1564 53 33 the
920 1566 83 32 Con-
