1090 1740
898 95 50 27 197

478 102 121 20 CLAIRE.

207 174 58 33 I'm
288 175 97 33 afraid
408 176 54 32 she
481 178 76 32 likes
579 179 100 32 better
693 184 32 27 to
748 179 87 31 think
862 179 89 41 loAA'ly

132 235 33 31 of
288 236 37 32 he
342 237 66 31 said
424 250 56 19 one
497 239 60 41 day
568 244 31 27 to
609 240 142 31 Madame
762 239 187 40 Beaudouin,

131 295 70 33 Avho
217 296 31 32 in
264 301 67 28 true
355 299 206 41 appreciation
578 300 34 30 of
629 300 47 31 his
691 300 119 40 honest,
827 299 124 42 upright

132 356 166 42 character,
323 358 61 32 had
409 360 116 41 spoken
550 361 110 41 openly
676 361 74 32 Avith
770 361 63 31 him
850 361 33 31 of
899 360 52 32 the

131 430 106 30 young
252 420 116 40 couple.

207 480 109 42 Lowly
329 482 7 31 !
395 482 63 31 Yes
472 483 7 31 !
502 482 85 32 there
603 483 23 30 it
641 483 50 41 lay
705 484 6 31 !
758 483 98 32 Claire
872 483 80 32 liked

132 544 32 28 to
194 541 88 31 think
313 542 92 42 lowly
430 543 33 31 of
480 543 55 32 her
565 544 147 31 husband.
759 544 29 31 It
808 555 61 20 was
899 544 53 32 her

132 607 135 35 greatest
283 604 197 33 consolation.

177 664 100 32 Claire
293 677 72 28 was,
394 666 30 30 in
448 666 53 31 the
524 677 141 21 common
689 666 143 42 parlance
849 666 34 31 of
903 665 51 32 the

133 725 105 40 wrorld,
256 726 61 31 and
340 726 164 42 according
519 732 32 26 to
567 726 37 32 its
619 726 187 42 ill-digested
822 726 131 39 decrees,

135 798 19 20 a
168 798 121 20 woman
313 786 40 32 all
369 787 55 31 but
440 787 122 41 perfect.
609 787 65 31 The
701 799 74 30 pure
799 787 111 41 beauty
927 787 33 31 of

135 847 57 31 her
214 847 84 31 mind
322 859 64 19 was
411 847 52 32 the
486 848 97 31 Truth
610 848 35 31 of
671 848 98 31 which
799 848 52 31 the
881 859 74 30 pure

135 909 113 41 beauty
264 908 34 32 of
320 908 55 32 her
397 920 111 30 person
524 920 63 20 was
602 909 53 31 the
678 909 169 42 splendour.
893 909 64 32 No-

137 969 89 42 thing
241 981 63 20 was
328 969 32 32 in
382 969 54 32 her
459 969 67 32 that
541 981 64 20 was
620 975 54 26 not
690 969 82 42 lofty.
819 970 137 32 Intellec-

137 1031 96 42 tually
258 1030 61 33 and
342 1030 130 42 morally
493 1030 54 32 she
573 1030 61 32 had
660 1042 39 20 no
725 1030 151 42 tendency
891 1031 66 32 that

140 1105 61 19 was
225 1096 54 28 not
305 1091 132 33 towards
461 1091 51 32 the
537 1091 138 32 elevated
700 1091 60 32 and
781 1091 51 33 the
856 1092 99 39 noble,

137 1155 56 31 but
209 1153 55 32 she
280 1153 51 32 did
356 1157 55 27 not
438 1152 38 32 do
502 1152 54 32 her
579 1152 85 42 duty,
681 1152 46 32 for
747 1152 39 32 all
808 1152 73 38 that,
899 1153 58 32 and

137 1215 133 42 perhaps
288 1214 131 31 because
436 1213 34 32 of
482 1213 38 32 all
536 1213 75 32 that,
658 1213 65 32 The
739 1213 83 42 plain
838 1214 74 41 duty
928 1214 32 31 of

137 1277 43 32 M.
209 1277 36 30 de
272 1274 210 33 Beauvoisin's
506 1274 127 32 Avedded
651 1273 112 32 wife—
764 1273 101 33 which
888 1279 69 37 post

138 1339 55 33 she
215 1337 62 32 had
292 1338 31 30 in
338 1337 53 31 the
408 1336 59 31 end
483 1335 154 43 accepted,
655 1335 61 32 and
732 1335 98 32 which
852 1340 68 37 post
935 1336 22 31 it

137 1412 66 21 was
224 1398 160 33 forbidden
406 1398 55 31 her
482 1401 32 27 to
538 1396 99 32 desert
638 1416 42 3 —
680 1408 64 20 was
766 1401 32 27 to
821 1396 138 32 discover

137 1461 84 33 what
245 1472 64 20 was
335 1460 68 31 best
430 1459 31 30 in
484 1458 52 31 the
563 1469 71 20 man
661 1457 102 32 Avhose
786 1469 89 20 name
905 1457 52 33 she

137 1525 83 37 bore,
245 1521 60 33 and
331 1521 132 32 exercise
487 1520 55 31 her
568 1519 148 32 influence
741 1519 80 42 daily
847 1524 30 27 to
904 1519 55 31 im-
