1090 1740
857 106 51 26 189

366 110 140 21 MUSICAL
529 111 100 20 LINKS.

87 197 17 20 a
137 186 127 32 denizen
296 187 34 31 of
363 187 144 31 Madame
545 187 175 32 Claudine's
759 188 150 41 draAving-

88 258 97 20 room.

132 308 126 41 Olivier,
276 320 33 20 as
325 320 47 20 we
388 309 101 40 know,
507 321 63 19 Avas
589 314 53 27 not
658 309 82 32 Avhat
765 310 25 32 is
815 310 97 32 called

87 369 114 42 bright,
219 381 56 20 nor
301 382 63 19 was
391 370 202 42 perspicacity
614 383 112 29 among
752 371 47 31 his
826 371 86 32 char-

89 430 175 32 acteristics.
311 431 50 31 He
391 443 93 19 never
514 432 160 31 remarked
704 432 52 32 the
794 433 119 31 curious

89 491 127 42 glances
231 492 101 31 which
356 492 173 31 sometimes
545 504 82 20 were
650 493 130 32 levelled
804 498 31 27 at
850 494 63 30 him

89 554 42 41 by
155 553 82 32 Mile.
270 553 141 41 Aspasie,
442 553 60 31 and
528 553 100 31 which
658 554 180 41 apparently
865 554 50 31 de-

89 614 92 31 noted
197 626 39 19 an
252 613 136 32 intimate
413 614 219 41 acquaintance
648 614 75 32 with
749 615 72 39 him,
846 627 69 30 pro-

91 674 123 32 ductive
239 674 35 32 of
293 686 40 20 an
360 675 60 31 odd
441 675 133 31 mixture
592 675 34 31 of
645 676 193 41 compassion
854 676 61 31 and

92 741 166 36 contempt.
306 736 130 31 Neither
451 736 61 31 had
539 736 39 31 he
606 748 71 20 ever
700 737 149 31 observed
864 736 51 31 the

93 797 259 31 embarrassment
389 796 34 31 of
455 796 142 31 Madame
629 796 148 32 Claudine
809 797 29 30 in
870 797 47 31 his

92 870 148 30 presence
241 877 43 3 —
286 870 38 19 an
341 858 255 31 embarrassment
611 857 69 31 that
696 857 134 32 endured
845 858 72 40 long

95 920 76 31 after
190 920 114 31 Olivier
328 920 62 31 had
414 920 126 31 become
568 931 18 19 a
612 920 128 31 familiar
755 920 105 32 visitor
887 925 30 27 at

94 980 54 32 the
179 980 106 40 house,
313 980 61 31 and
398 980 111 40 which,
527 980 89 32 while
643 980 23 31 it
693 980 145 41 certainly
862 980 55 31 im-

95 1041 109 43 parted
220 1053 19 20 a
250 1041 74 32 kind
337 1041 34 32 of
382 1041 225 33 awkwardness
617 1047 32 26 to
659 1041 54 32 her
725 1042 191 38 demeanour,

96 1103 63 32 lent
186 1102 63 41 her,
272 1107 31 28 at
327 1102 52 32 the
406 1114 84 20 same
512 1102 83 40 time,
614 1113 38 21 an
679 1102 238 32 unmistakeable

97 1164 114 41 charm,
237 1163 160 33 inasmuch
424 1175 34 20 as
484 1163 24 32 it
532 1163 110 32 roused
669 1163 54 32 her
744 1168 53 27 out
813 1163 34 32 of
865 1162 52 32 her

97 1225 88 31 usual
202 1225 83 40 slow,
303 1225 112 40 sleepy,
433 1223 223 42 uninteresting
671 1235 135 21 manner.

142 1288 94 30 From
258 1287 53 31 the
341 1299 76 29 very
442 1287 67 30 first
539 1286 60 42 day
625 1297 39 20 on
691 1285 99 32 which
816 1284 41 32 M.
883 1285 35 32 de

98 1348 185 33 Beauvoisin
309 1348 61 31 had
391 1348 77 31 been
494 1346 164 43 presented
672 1351 33 27 to
722 1346 155 40 Claudine,
902 1358 16 19 a

98 1411 65 30 link
179 1409 61 32 had
269 1409 78 31 been
373 1407 178 32 discovered
575 1408 139 31 between
738 1407 86 32 these
849 1412 68 35 two,

98 1472 61 30 and
174 1472 69 30 that
258 1471 65 31 link
339 1481 62 20 was
418 1469 104 32 music.

142 1532 76 32 Alas
232 1532 6 32 !
263 1531 68 32 that
353 1531 24 31 it
399 1530 109 32 should
523 1530 38 31 be
578 1541 33 20 so
623 1543 7 26 ;
654 1529 53 32 but
723 1541 33 20 so
772 1529 23 32 it
811 1529 32 40 is,
862 1530 58 30 and
