1090 1740
163 104 52 27 208

394 111 82 21 LOVE
500 112 62 20 THE
585 111 161 21 AVENGER.

162 200 62 22 Avas
254 189 130 33 familiar
415 194 32 26 to
478 188 63 40 her,
570 187 47 32 for
644 186 130 33 without
805 197 60 30 any
893 183 99 43 living

161 250 93 43 being
284 250 116 42 having
433 249 78 33 been
545 249 68 32 able
644 254 32 27 to
706 260 95 30 guess
831 247 73 42 Avhy
936 245 55 33 she

160 313 103 38 asked,
285 312 55 32 she
365 311 61 32 had
450 311 94 32 taken
570 322 68 21 care
664 316 31 27 to
721 310 81 33 have
831 309 69 32 that
924 309 66 32 face

159 374 127 42 pointed
325 378 54 28 out
417 378 32 27 to
489 374 61 31 her.
621 373 30 31 It
690 384 64 20 was
795 371 116 33 Berthe
952 371 38 32 de

161 434 167 33 Mottefort.

202 497 113 41 Never,
348 497 30 31 in
405 509 62 29 any
493 497 87 42 place
608 496 34 31 of
660 495 105 43 public
790 499 108 36 resort,
927 493 61 32 had

160 559 142 31 Madame
319 558 37 32 de
372 558 160 32 Mottefort
542 558 78 31 been
635 557 31 31 in
679 557 75 32 such
765 557 82 31 close
860 554 128 43 vicinity

158 625 33 26 to
207 619 109 40 Claire,
335 619 60 32 and
418 619 128 33 Claire's
567 619 97 31 entire
689 630 69 20 sum
783 617 35 32 of
837 617 150 32 attention

159 680 146 42 instantly
320 680 119 32 riveted
454 680 85 32 itself
558 691 39 20 on
613 680 55 31 her
683 679 182 41 neighbour.
910 679 77 31 Per-

158 741 77 43 haps
262 741 53 32 she
342 753 63 20 was
433 741 139 42 scarcely
599 752 100 21 aware
724 741 35 31 of
776 741 72 31 Iioav
872 741 115 42 utterly

159 802 54 33 she
228 803 101 42 forgot
346 802 191 43 everything,
555 802 31 32 in
609 802 56 32 her
688 802 120 32 intense
832 802 99 33 desire
954 807 33 27 to

158 864 161 31 scrutinise
336 864 114 31 Berthe
462 878 6 26 ;
485 863 134 43 perhaps
636 864 23 31 it
671 875 63 20 was
748 863 240 43 unconsciously

158 925 67 31 that
251 925 53 31 she
332 925 141 32 deserted
497 925 53 32 the
575 929 138 38 mystery
735 925 34 32 of
787 926 58 31 her
861 925 76 32 faith
956 931 32 27 to

158 986 100 32 fasten
274 998 83 30 upon
372 986 51 32 the
439 992 138 36 mystery
594 987 34 31 of
646 987 55 32 her
724 988 77 32 love.
850 988 63 32 But
935 988 53 32 she

159 1047 51 31 did
226 1059 42 20 so.
310 1048 61 32 She
389 1048 80 41 spelt
485 1060 93 30 every
591 1048 167 32 lineament
771 1049 34 32 of
816 1049 56 32 her
883 1050 104 32 rival's

158 1115 208 25 countenance
382 1121 34 20 as
432 1121 40 20 an
489 1122 93 29 eager
605 1110 82 32 child
710 1111 124 32 labours
855 1116 31 27 to
909 1111 77 43 spell

158 1170 134 41 through
307 1170 53 32 the
384 1171 100 31 words
509 1171 35 31 of
562 1183 19 19 a
603 1171 63 32 tale
689 1172 102 32 which
816 1172 39 33 he
879 1172 108 34 knows

159 1231 137 32 contains
312 1243 18 19 a
346 1231 98 32 whole
460 1232 95 31 world
572 1232 35 31 of
626 1232 134 32 emotion
776 1232 46 33 for
838 1233 74 32 him.

202 1293 28 31 It
254 1304 64 20 was
341 1304 19 20 a
384 1293 169 32 handsome
569 1293 75 41 face,
661 1293 58 33 but
742 1294 121 33 neither
884 1307 39 20 an
940 1296 46 31 in-

158 1353 154 32 tellectual
329 1365 55 20 nor
401 1365 18 20 a
442 1354 197 43 remarkably
655 1356 82 41 good
753 1356 75 32 face.
876 1357 30 32 It
922 1369 64 21 Avas

158 1414 136 40 marked,
311 1426 167 29 moreover,
496 1414 74 32 with
587 1415 84 42 signs
688 1416 34 32 of
741 1416 85 33 Avhat
846 1418 52 32 the
915 1425 70 36 past

158 1475 61 31 had
233 1475 87 33 been.
367 1476 87 42 They
471 1489 79 19 were
575 1477 85 42 signs
684 1478 34 31 of
736 1479 125 42 anxiety
881 1481 105 32 rather

158 1536 74 31 than
258 1536 33 32 of
311 1537 154 43 suffering,
484 1538 83 42 signs
593 1538 103 32 rather
720 1539 34 31 of
773 1540 72 41 pain
861 1541 75 33 than
954 1542 34 33 of
