1090 1740
177 95 54 26 176

410 102 83 20 LOVE
517 102 64 20 THE
605 99 162 23 AVENGER.

176 178 30 32 in
223 179 174 42 particular,
411 180 60 32 last
487 179 96 43 night,
598 183 33 28 at
645 178 53 33 the
715 177 66 32 foot
797 175 35 33 of
848 175 54 32 the
918 179 88 38 great

176 240 144 33 staircase
322 261 43 3 —
366 253 17 20 a
406 242 69 40 fine,
502 241 169 32 handsome
694 239 122 40 blonde,
840 237 77 32 with
938 237 69 31 hair

174 303 130 32 covered
320 303 74 32 with
410 303 100 41 pearls

249 365 73 31 And
338 376 17 20 a
372 365 77 31 satin
474 365 94 40 dress,
587 364 60 32 and
670 363 144 40 feathers,
832 362 62 32 and
911 361 95 33 silver

319 426 189 43 interrupted
537 426 142 43 Aspasie.
865 424 35 32 of
926 423 76 41 hair,

174 487 61 31 and
265 487 58 32 lots
355 487 33 32 of
413 488 100 42 pearls
515 507 43 3 —
559 487 73 32 both
658 487 85 40 false,
770 486 49 31 I'll
844 486 53 31 bet
928 498 77 30 any-

174 549 89 41 thing
274 550 15 31 ?
333 549 67 32 One
433 554 97 27 meets
554 549 55 31 her
639 549 116 41 always
781 548 200 42 everywhere
995 548 8 32 !

173 610 30 32 It
218 610 25 31 is
259 610 68 32 that
342 610 119 32 famous
477 611 159 31 Duchesse
653 610 37 32 de

247 671 78 32 How
341 672 15 31 I
372 671 77 32 wish
466 672 14 31 I
496 671 102 42 might
620 672 39 31 be
676 671 126 32 dressed
817 671 62 32 like
896 671 72 32 her!

174 733 108 42 sighed
310 734 156 32 Claudine.
547 734 62 32 She
640 734 25 31 is
697 734 116 42 always
845 745 33 20 so
908 733 94 42 finely

374 796 60 31 and
462 795 53 32 she
548 795 100 32 added
679 795 99 42 lazily,
876 795 128 32 wonder

174 857 83 31 what
274 857 53 32 she
344 857 100 31 would
460 857 69 40 give
545 861 32 27 to
593 857 81 32 have
690 869 53 28 my
754 857 109 40 jewels
875 858 6 31 !

249 918 191 41 Everything
453 919 6 31 !
505 918 82 31 cried
609 918 82 32 Mile.
709 918 143 42 Aspasie.
930 918 71 31 You

174 979 109 32 should
299 980 103 31 rather
418 980 55 31 ask
489 980 85 31 what
596 980 25 32 is
645 980 87 32 there
757 980 55 32 she
829 981 102 31 would
946 985 55 28 not

215 1102 37 32 In
267 1102 100 32 which
388 1102 208 43 appreciation
618 1102 34 33 of
672 1114 56 21 our
743 1103 57 32 fair
824 1103 107 40 friend,
949 1105 53 32 the

173 1163 167 41 Duchesse,
372 1163 83 33 Mile,
488 1163 37 33 de
555 1164 214 42 Mourjonville
800 1177 64 20 Avas
897 1166 105 42 singu-

173 1225 77 40 larly
264 1224 161 33 mistaken.
473 1246 8 5 -

217 1287 66 32 The
298 1286 84 33 noise
399 1287 33 31 of
443 1299 18 19 a
477 1287 74 32 door
567 1288 133 42 opening
711 1288 32 32 in
758 1289 54 32 the
828 1295 75 27 next
916 1301 84 22 room

173 1360 63 20 was
252 1348 103 32 heard.

218 1410 150 33 Claudine
384 1411 99 32 raised
506 1411 117 32 herself
643 1412 79 32 from
738 1412 84 33 what
845 1412 62 33 had
923 1414 76 32 been

173 1482 19 20 a
217 1471 255 33 half-recumbent
496 1478 133 37 posture,
663 1473 61 33 and
754 1474 111 32 looked
891 1480 32 27 at
946 1476 53 32 the

173 1532 108 31 mirror
305 1544 72 21 over
399 1533 52 32 the
475 1533 141 43 chimney
621 1534 107 42 -piece,
753 1535 31 31 in
810 1535 103 32 Avhich
938 1549 61 28 you
