1090 1740
181 109 51 26 242

410 116 84 20 LOVE
517 116 64 20 THE
604 113 163 23 AVENGER.

178 192 117 42 ingress
318 197 32 27 to
371 192 25 31 it
418 192 102 31 before
544 202 119 30 anyone
680 201 64 20 was
768 188 109 33 awake
900 188 32 31 in
955 187 51 32 the

178 253 151 41 morning,
358 253 121 31 besides
508 251 193 32 numberless
736 250 88 32 other
851 249 134 42 clangers
1000 263 6 27 ;

177 315 55 32 but
256 326 40 20 no
323 326 111 21 excuse
454 326 63 20 was
541 314 159 41 accepted,
733 312 62 33 and
819 311 187 32 Mardonnet

177 387 64 21 was
256 376 103 32 forced
375 380 31 27 to
423 375 95 32 admit
535 375 76 40 that,
630 375 73 32 with
719 375 108 42 plenty
838 373 34 32 of
883 385 121 30 money,

177 437 69 40 this,
268 437 59 33 like
352 442 80 28 most
456 437 86 33 other
565 437 103 42 things
692 437 31 32 in
747 437 54 32 the
818 436 104 39 Avorld,
941 447 64 20 was

176 499 141 43 possible.
365 500 62 31 But
442 500 107 42 plenty
566 499 34 32 of
610 511 112 31 money
736 500 6 31 !
769 498 71 32 how
856 509 65 21 was
937 497 69 32 that

176 566 32 27 to
223 562 37 31 be
276 565 55 36 got
341 563 13 30 ?

399 623 172 32 insinuated
602 623 42 33 M.
677 623 178 42 Theophile,
980 622 24 31 it

177 696 79 21 were
281 685 163 42 positively
467 696 172 31 necessary,
672 685 15 32 I
718 685 93 32 could
840 689 55 37 get
924 685 78 39 that,

221 807 65 31 The
316 807 107 32 reader
448 807 110 42 hardly
583 807 94 32 needs
707 812 33 27 to
770 807 38 32 be
839 807 66 32 told
935 807 68 32 that

177 867 170 41 Theophile
362 868 185 32 Mardonnet
563 868 61 32 had
639 869 122 32 hooked
776 869 47 32 his
839 869 67 33 fish.

220 929 228 32 Mademoiselle
476 930 129 32 Camille
632 931 141 31 Leblond
796 931 52 32 did
873 931 39 31 all
934 931 69 33 that

177 1001 62 20 was
256 990 52 31 left
322 995 32 26 to
371 991 47 30 do.

221 1051 74 32 This
322 1052 123 42 episode
470 1053 155 41 occurred,
652 1066 33 20 as
709 1054 56 32 has
788 1055 79 32 been
891 1055 109 40 stated,

178 1112 47 32 six
241 1125 33 19 or
291 1125 92 20 seven
393 1126 88 29 years
497 1116 143 41 previous
650 1121 32 27 to
696 1116 141 33 Olivier's
849 1117 153 42 marriage

177 1173 74 32 with
268 1174 108 33 Claire.
423 1175 51 32 He
490 1188 63 20 was
576 1177 74 32 then
674 1189 18 20 a
714 1177 61 43 boy
792 1178 35 32 of
847 1178 153 42 nineteen,

177 1235 61 31 and
260 1236 169 43 Theophile
455 1238 183 32 Mardonnet
663 1251 62 20 Avas
751 1251 18 22 a
795 1252 72 20 man
892 1241 110 32 turned

177 1296 105 40 thirty.
