1090 1740
141 98 52 26 182

371 105 83 21 LOVE
478 105 63 21 THE
564 104 160 22 AVENGER.

140 182 127 32 without
296 182 52 33 the
380 183 142 41 slightest
552 185 108 29 accent
691 180 35 31 of
751 177 149 44 reproach
933 188 34 21 or

137 247 195 32 unkindness.
380 247 30 31 It
433 258 63 20 was
515 258 18 19 a
555 246 59 31 fine
638 245 46 32 bit
707 244 35 32 of
762 243 113 42 acting,
903 242 63 32 and

136 308 45 32 hit
197 309 42 32 M.
258 309 36 32 de
317 309 163 41 Moranges
505 320 32 20 so
561 308 77 31 hard
661 307 77 32 from
755 306 52 32 the
831 304 87 44 point
935 304 33 32 of

136 371 77 31 view
229 371 34 31 of
284 371 91 32 social
400 371 190 41 obligations,
613 370 77 41 that,
715 373 32 28 to
771 367 193 33 rehabilitate

136 432 124 32 himself
278 433 31 31 in
332 433 47 31 his
404 445 69 19 own
497 433 185 40 conscience,
701 432 38 32 he
756 431 103 33 would
883 431 79 31 have

135 495 166 32 consented
317 499 31 27 to
365 499 50 28 eat
426 499 61 27 two
504 495 122 31 dinners
640 506 17 19 a
674 494 67 40 day,
760 493 26 32 if
797 492 132 33 needful.

180 555 44 33 Of
243 556 49 31 his
314 568 68 19 new
398 556 85 31 niece
499 556 42 31 M.
560 556 36 31 de
613 556 166 41 Moranges
803 553 158 44 approved

133 616 115 42 highly,
265 617 126 41 making
406 617 60 32 this
484 629 56 19 one
556 629 130 29 reserve,
701 616 69 32 that
784 628 62 30 you
862 627 97 21 never

133 678 88 32 could
237 679 91 30 know
343 679 82 31 what
442 691 18 19 a
475 690 119 20 woman
605 690 64 19 was
685 678 45 31 till
748 678 53 31 she
818 690 60 19 was
889 682 72 39 past

133 739 93 41 thirty
238 752 6 27 ;
276 740 55 30 but
353 740 38 31 he
415 740 72 41 only
504 740 165 41 expressed
692 740 62 30 this
778 739 126 42 opinion
929 738 34 32 of

132 799 48 32 his
199 804 32 26 to
249 799 47 31 his
314 804 80 27 most
409 800 138 31 intimate
564 800 175 40 associates,
760 812 72 19 men
856 800 35 31 of
911 800 48 32 his

133 872 68 20 own
211 873 56 29 age
279 862 61 30 and
356 862 151 40 standing.
554 862 101 31 Claire
668 862 126 42 pleased
806 862 65 32 him
884 874 76 31 very

132 923 100 40 much,
249 923 140 41 gratified
405 923 48 31 his
468 928 90 35 taste,
574 923 142 33 flattered
740 924 49 32 his
806 924 150 42 self-love,

132 984 61 31 and
208 984 60 31 had
284 984 45 31 for
351 984 63 31 him
431 984 175 42 something
627 984 34 32 of
680 984 53 33 the
751 996 83 21 same
851 985 106 32 charm

132 1044 67 31 that
214 1056 62 20 was
293 1045 155 31 exercised
470 1056 73 21 over
568 1045 63 33 him
654 1046 42 43 by
712 1046 56 32 her
783 1052 84 37 aunt,
887 1048 71 32 Cle-

132 1105 140 33 mentine.
319 1106 45 32 As
381 1106 44 32 for
439 1106 124 42 Olivier,
576 1107 39 32 he
628 1108 61 32 had
705 1109 74 41 long
795 1122 58 29 ago
866 1111 90 32 made

131 1178 41 31 up
197 1166 46 33 his
266 1167 84 32 mind
372 1167 65 32 that
460 1168 86 32 there
569 1181 64 20 was
656 1171 131 41 nothing
810 1177 32 27 at
862 1172 41 33 all
927 1173 31 32 in

131 1227 72 42 him,
221 1229 60 31 and
296 1229 52 31 the
364 1230 71 41 only
452 1230 144 43 curiosity
612 1232 38 31 he
666 1232 55 33 felt
736 1244 64 22 was
816 1238 32 28 to
864 1234 93 33 know

129 1288 80 42 how,
227 1290 74 31 with
316 1290 52 31 the
393 1291 161 33 education
570 1293 38 32 he
627 1293 62 33 had
704 1295 79 32 been
800 1296 157 42 subjected

129 1354 41 37 to,
187 1350 39 33 he
243 1352 99 31 would
358 1352 118 33 behave
492 1354 31 31 in
540 1355 115 32 certain
667 1356 93 32 crises
777 1358 34 31 of
823 1358 60 41 life,
895 1359 62 33 and

128 1410 140 33 whether
298 1413 151 33 sufficient
476 1415 132 44 honesty
630 1418 60 31 and
717 1419 151 42 principle
893 1420 63 33 had

127 1470 77 33 been
229 1473 133 32 instilled
385 1475 63 32 into
472 1476 63 32 him
558 1481 32 28 to
614 1478 109 32 enable
746 1479 65 32 him
834 1486 32 26 to
883 1492 73 31 pass

126 1532 131 43 through
274 1535 40 31 all
330 1536 119 32 ordeals
466 1537 59 32 like
539 1549 18 20 a
573 1540 186 38 gentleman.
