1090 1740
341 101 61 21 OUT
424 101 35 21 IN
482 102 63 21 THE
568 102 66 21 SUN.

863 97 31 25 81

82 176 78 32 stool
183 187 79 32 upon
289 176 51 33 the
363 176 191 43 hearth-rug,
574 177 60 32 and
658 178 104 32 seated
786 177 114 32 herself

82 242 32 27 at
150 237 142 33 Madame
326 238 204 33 Beaudouin's
568 240 69 32 feet.
705 239 65 32 The
807 239 89 32 latter

82 299 127 43 stooped
238 299 130 32 towards
408 299 54 32 her
491 300 95 41 niece,
618 301 61 31 and
707 300 106 32 untied
843 300 54 32 her

82 359 115 33 bonnet
212 360 60 32 and
287 364 55 38 put
358 360 24 31 it
397 372 88 30 away
500 373 82 29 upon
598 373 19 20 a
632 362 90 32 chair.

155 421 71 31 You
252 432 50 20 are
326 425 54 27 not
395 421 96 42 likely
506 426 29 27 to
563 422 77 31 have
664 421 129 41 visitors,
811 426 81 35 aunt,

80 492 52 21 are
277 481 95 32 asked
387 481 82 33 Mile,
488 482 36 31 de
541 482 163 32 Clavreuil.

182 554 94 20 never
298 543 117 32 receive
438 555 59 30 any
513 555 66 29 one,
597 555 33 20 as
646 555 60 30 you
728 543 100 40 know,
849 543 45 31 till

78 603 77 32 after
285 616 62 20 was
363 605 52 31 the
431 604 94 41 reply.

155 666 16 30 I
201 665 77 32 have
309 677 33 20 so
371 665 92 32 much
492 670 32 27 to
663 665 99 31 added
784 665 106 40 Claire,

79 726 162 41 hurriedly.

122 787 144 32 Madame
282 787 177 31 Beaudouin
483 792 54 37 put
557 788 54 30 her
635 798 80 20 arms
730 787 97 31 round
842 787 50 31 the

80 848 83 39 girl's
179 848 86 39 neck,
283 848 60 31 and
358 848 103 31 kissed
476 848 54 31 her
545 848 150 31 forehead.

288 908 141 31 resumed
445 907 108 41 Claire,
567 907 31 31 in
608 919 18 19 a
641 907 59 31 low
710 907 59 31 and
785 906 107 32 almost

81 968 184 42 Avhispering
283 973 70 27 tone
365 982 7 27 ;
425 980 61 30 you
508 973 82 26 must
606 968 129 42 promise
754 972 32 27 to
804 967 88 32 listen

80 1034 32 27 to
128 1041 92 28 every
237 1029 83 32 word
336 1030 15 30 I
366 1029 79 31 have
460 1033 31 27 to

154 1091 55 41 My
403 1090 116 41 replied
539 1089 141 32 Madame
706 1090 183 40 Beaudouin,

78 1152 104 41 fondly
195 1165 7 27 ;
258 1163 59 30 you
341 1151 91 33 know
458 1151 66 31 that
546 1150 53 32 the
622 1150 130 42 thought
777 1150 33 31 of
831 1162 58 30 you

80 1213 60 32 and
154 1225 77 29 your
246 1212 119 32 welfare
381 1212 27 31 is
422 1211 81 31 what
522 1211 107 42 chiefly
645 1210 135 32 attaches
795 1223 49 19 me
860 1216 29 26 to

78 1273 50 31 life
143 1286 6 28 ;
172 1273 55 31 but
254 1285 60 29 you
337 1273 99 39 know,
462 1272 73 40 also,
557 1271 81 32 what
655 1282 52 31 my
729 1270 160 43 principles

79 1346 51 20 are
147 1345 33 20 as
195 1338 31 27 to
242 1345 59 29 any
317 1333 197 31 interference
535 1333 138 31 between
695 1337 121 37 parents
832 1333 57 30 and

78 1395 136 30 children

321 1454 187 42 interrupted
549 1454 108 40 Claire,
689 1454 111 42 raising
835 1455 52 32 her

77 1522 94 27 sweet
194 1517 80 32 head
303 1516 61 32 and
393 1516 124 40 looking
546 1516 139 31 Madame
712 1516 175 32 Beaudouin

790 1583 13 12 G

130 1584 52 14 VOL.
199 1584 13 14 I.
