1090 1740
905 109 51 25 179

418 113 137 20 MUSICAL
578 114 101 19 LINKS.

143 188 53 32 she
211 200 95 21 never
320 189 88 32 made
430 201 17 20 a
463 190 95 41 single
574 190 122 31 remark
713 202 81 30 upon
813 190 47 31 his
877 202 80 19 com-

142 249 138 41 parative
303 250 232 42 disappearance
562 251 78 31 from
667 252 124 41 society,
821 263 33 19 or
876 262 81 31 upon

142 322 61 31 any
229 310 34 33 of
287 311 47 32 his
358 311 100 32 habits
490 324 32 19 or
551 324 84 30 ways
666 313 162 31 whatever.
885 312 70 40 She,

142 372 175 43 seemingly,
345 373 73 31 took
447 373 63 32 him
535 386 33 19 as
593 374 39 31 he
660 386 70 28 was,
762 373 60 32 and
849 385 39 20 on
917 372 40 32 all

141 433 155 31 occasions
326 439 63 26 met
419 434 62 31 him
512 435 73 31 with
615 435 52 31 the
697 435 140 31 blandest
861 434 95 41 good-

141 495 136 41 humour,
294 501 54 26 not
363 501 32 26 to
412 508 53 29 say
481 497 159 41 cordiality
650 508 33 20 or
698 497 146 31 affection.
890 497 66 31 The

139 557 149 32 widowed
312 558 154 41 Marquise
491 558 60 31 and
577 558 54 32 her
657 558 124 32 brother
805 569 78 21 were
905 563 50 26 too

140 618 67 30 Avell
229 618 75 31 bred
323 630 72 20 ever
418 623 32 27 to
472 619 38 31 be
534 619 112 31 cordial
668 624 33 27 to
724 630 60 31 any
808 630 65 29 one,
896 619 60 31 and

138 678 73 41 they
226 679 91 31 knew
333 679 74 31 each
423 679 87 31 other
524 684 51 27 too
590 680 188 41 thoroughly
787 685 32 26 to
832 680 37 31 be
886 691 70 20 ever

138 740 202 31 affectionate.
386 740 61 31 But
474 740 81 32 what
580 740 53 32 the
659 740 71 42 lady
756 741 49 32 did
833 740 123 32 achieve

138 812 72 28 AAras,
227 801 70 31 that
318 801 75 41 they
408 801 110 31 should
540 805 81 27 meet
638 813 38 19 on
700 801 119 32 neutral
834 801 122 41 ground

138 861 105 41 nearly
259 873 92 29 every
369 861 66 41 day.
484 861 60 33 She
561 862 113 40 caught
685 862 42 32 M.
746 862 36 31 de
792 862 163 41 Moranges

138 923 31 30 in
186 923 52 31 the
254 922 69 32 toils
340 922 34 31 of
384 922 205 41 relationship,
607 922 102 31 bound
723 922 64 31 him
804 923 88 31 down
915 923 40 41 by

137 983 48 31 his
208 983 106 41 family
327 983 66 39 ties,
418 983 93 41 being
534 983 81 41 quite
638 994 98 20 aware
760 983 34 31 of
810 983 46 31 his
878 983 75 42 deep

138 1055 88 21 sense
242 1044 34 31 of
296 1044 92 31 social
405 1044 167 40 decencies,
590 1044 60 31 and
674 1044 34 31 of
727 1044 52 32 the
805 1044 150 32 sacrifices

137 1105 39 33 he
191 1105 101 32 would
307 1105 37 31 be
360 1105 133 31 induced
513 1110 32 27 to
561 1105 90 32 make
673 1110 33 27 to
720 1105 52 32 the
793 1105 108 33 fitness
925 1105 32 32 of

137 1166 113 39 things.

182 1226 60 33 She
265 1226 115 32 herself
399 1237 94 21 never
518 1237 73 21 once
615 1226 116 32 invited
759 1226 62 32 him
842 1231 32 27 to
899 1226 53 33 her

136 1287 103 39 house,
257 1287 54 32 but
324 1298 38 21 on
376 1287 53 32 the
446 1287 139 32 occasion
602 1287 33 31 of
646 1287 140 32 Olivier's
802 1287 150 41 marriage

134 1348 61 32 and
211 1353 107 27 return
334 1348 98 40 home,
447 1348 53 32 she
515 1348 95 31 raked
625 1359 41 30 up
683 1359 93 30 every
791 1348 113 40 cousin,
921 1348 29 32 in

134 1422 40 20 no
193 1414 113 28 matter
320 1409 83 32 what
428 1408 118 42 degree,
564 1408 103 32 whom
692 1408 53 32 she
767 1409 88 32 could
878 1409 71 41 find,

132 1470 61 33 and
209 1470 167 43 impressed
397 1481 82 31 upon
496 1469 74 33 each
593 1469 116 32 several
733 1481 56 21 one
805 1469 53 33 the
875 1470 74 43 duty

132 1533 35 32 of
192 1532 107 41 giving
325 1543 18 20 a
368 1531 133 42 banquet
529 1530 31 33 in
585 1530 116 33 honour
728 1531 34 32 of
785 1531 53 32 the
868 1544 84 20 new-

825 1599 16 13 >-
858 1594 10 18 2
