1090 1740
385 451 205 31 CHAPTER
621 450 55 32 XL

296 549 170 20 IMITATION
492 546 280 23 RESPECTABILITY.

168 622 35 33 It
228 635 62 20 Avas
318 636 38 19 an
389 624 59 32 odd
478 624 133 31 mixture
640 622 33 33 of
703 622 114 40 feeling
848 618 102 33 which

123 685 162 42 prompted
312 685 42 33 M.
381 686 36 31 de
442 685 165 42 Moranges
630 689 32 27 to
686 683 84 32 Avhat
792 682 39 32 he
853 681 50 32 did
919 681 33 31 in

124 747 110 41 regard
259 751 32 27 to
319 747 158 31 Claudine.
523 746 44 32 M.
593 745 37 32 de
653 745 167 41 Moranges
844 755 64 20 was
933 754 19 20 a

124 819 71 19 man
212 807 33 31 of
263 807 115 32 refined
395 811 91 37 taste,
505 807 60 31 and
588 818 18 19 a
629 805 168 32 cultivated
820 804 86 33 lover
923 804 36 32 of

124 868 51 33 the
191 874 71 35 arts,
281 869 59 31 and
363 869 99 40 when,
479 868 31 32 in
533 868 54 32 the
602 867 150 32 vestibule
775 871 33 27 at
832 867 120 32 Sauve-

124 934 80 28 terre
219 930 38 31 he
274 930 115 41 caught
401 930 85 41 sight
499 930 33 31 of
543 930 51 31 the
608 934 69 36 wet,
693 929 87 41 dirty,
794 928 161 42 shivering

124 992 58 40 girl
210 991 68 32 who
303 991 96 32 asked
422 991 47 32 for
495 991 71 42 help
592 991 78 31 from
696 990 179 40 starvation,
903 989 51 32 his

124 1052 150 32 attention
290 1064 63 20 was
369 1052 136 32 arrested
526 1052 60 31 and
610 1051 71 32 held
704 1051 121 42 captive
842 1051 42 42 by
899 1051 55 32 the

126 1117 123 37 strange
286 1113 113 42 beauty
429 1113 34 32 of
496 1112 114 32 certain
646 1113 86 31 lines.
795 1113 59 31 His
886 1113 67 32 first

125 1174 133 41 thought
274 1186 63 20 Avas
354 1174 34 32 of
406 1185 19 21 a
440 1179 101 27 statue
560 1174 39 31 he
624 1173 62 31 had
709 1173 75 42 long
807 1174 146 31 dreamed

127 1235 37 40 of,
182 1235 59 32 and
258 1235 90 33 could
370 1240 53 37 get
447 1235 146 33 executed
615 1235 153 33 nowhere.
816 1235 51 32 He
891 1235 62 32 had

125 1301 65 29 met
213 1297 31 32 in
269 1297 97 32 Rome
391 1297 75 32 Avith
493 1309 17 20 a
536 1296 135 43 sculptor
695 1296 70 33 Avho
782 1296 101 33 seized
898 1297 56 32 the

128 1357 68 33 idea
224 1358 57 32 but
312 1358 92 32 failed
433 1357 33 32 in
495 1357 54 32 the
581 1358 171 40 execution,
785 1358 62 32 and
885 1358 71 32 who

127 1419 148 32 admitted
302 1419 68 32 that
396 1419 53 32 the
472 1419 77 32 total
574 1424 83 26 want
682 1419 35 31 of
734 1431 19 19 a
771 1419 103 32 model
891 1432 65 20 was

128 1479 47 32 his
185 1480 157 42 difficulty.
378 1481 66 31 The
452 1480 67 32 idea
529 1492 64 20 was
604 1480 351 42 Goethe'sEiqihorion,

127 1539 53 33 the
206 1540 81 32 child
312 1541 34 31 of
364 1541 97 32 Faust
476 1542 61 31 and
562 1542 111 41 Helen,
691 1542 52 32 the
761 1542 148 41 offspring
925 1544 35 31 of
