1090 1740
157 109 52 25 106

389 114 82 19 LOVE
495 113 64 20 THE
582 109 162 24 AVENGER.

157 193 142 42 smoking
325 193 32 31 in
384 196 132 35 concert,
542 189 131 42 nothing
697 198 94 29 more,
819 183 168 43 excepting

157 255 70 43 only
249 254 68 33 that
342 254 53 33 the
422 265 72 20 man
521 265 39 20 on
586 252 54 32 the
664 246 232 45 rocking-chair
921 256 66 20 Avas

157 316 154 40 evidently
328 315 148 41 occupied
491 314 31 32 in
539 312 166 41 observing
723 310 49 32 his
789 307 195 44 companion.

192 378 101 32 There
305 390 81 20 were
397 389 41 20 no
450 377 119 31 flowers
581 375 31 32 in
625 375 53 32 the
690 386 96 28 room,
801 383 34 21 or
847 371 24 32 it
883 369 102 34 would

155 441 79 31 have
261 440 60 32 had
349 440 40 31 all
415 439 54 32 the
496 448 207 32 appearances
732 436 35 32 of
787 447 19 20 a
833 432 153 33 woman's

156 502 106 39 abode,
281 513 32 20 so
330 501 97 42 richly
442 512 65 19 was
524 500 22 31 it
561 497 167 42 furnished,
746 497 62 33 and
825 508 33 21 so
875 506 110 21 nume-

154 575 72 21 rous
237 574 82 21 were
334 563 53 32 the
402 562 94 32 knick
499 561 131 32 -knacks
647 560 35 32 of
693 560 40 31 all
750 557 119 45 species
882 557 102 32 Avhich

154 624 51 42 lay
226 624 104 32 about.
377 623 130 32 Neither
533 634 79 20 were
638 622 88 31 there
755 632 61 30 any
841 619 98 32 books
940 638 45 2 —

154 690 53 28 not
231 697 57 20 one
290 705 42 2 —
332 685 57 32 but
411 684 86 32 there
518 695 64 20 was
607 695 17 20 a
647 683 102 42 piano,
773 682 54 32 the
852 680 133 33 exterior

154 745 138 33 whereof
310 757 64 21 was
398 745 187 32 marvellous
596 757 7 27 ;
631 744 26 32 it
679 755 65 21 Avas
769 743 35 32 of
823 743 55 32 the
901 747 85 27 most

155 807 202 43 complicated
378 807 146 42 inlaying,
542 818 93 31 every
651 806 143 43 precious
810 806 90 32 wood
915 806 70 32 that

153 870 27 31 is
194 874 32 27 to
242 869 39 31 be
297 868 94 32 found
412 869 30 31 in
463 868 53 32 the
536 873 64 27 two
620 868 212 43 hemispheres
849 868 136 32 furnish-

154 931 55 41 ing
228 930 40 32 its
290 934 95 38 quota
407 934 32 27 to
462 930 53 31 the
536 930 121 32 flowers
679 930 61 32 and
761 930 105 32 leaves
883 930 102 31 which

154 991 116 33 tAvined
292 991 188 32 themselves
502 991 32 31 in
557 991 146 42 garlands
728 1004 39 19 on
790 992 40 32 its
855 992 129 32 surface.

155 1053 82 32 Over
268 1053 52 31 the
352 1053 243 42 chimney-piece
622 1066 64 19 was
713 1065 19 21 a
759 1054 85 32 blind
872 1054 34 32 of
932 1054 54 32 the

154 1118 82 27 most
260 1114 97 42 costly
380 1114 127 32 oriental
533 1115 238 42 workmanship,
798 1115 109 43 hiding
931 1115 54 33 the

155 1174 113 32 eternal
297 1174 86 42 piece
415 1175 34 31 of
474 1175 83 42 plate
564 1176 105 41 -glass
701 1176 80 32 from
811 1176 101 33 which
944 1189 41 20 no

155 1236 85 32 salon
261 1236 31 31 in
314 1236 53 32 the
388 1236 128 32 modern
541 1237 160 41 dwellings
717 1237 36 32 of
772 1237 89 33 Paris
884 1249 103 21 seems

154 1298 83 32 fated
261 1303 31 27 to
319 1309 117 31 escape.
484 1298 67 32 The
576 1298 110 43 luxury
706 1298 35 33 of
759 1299 54 32 the
836 1300 150 32 furniture

154 1370 63 21 was
234 1359 179 42 distressing
424 1373 6 27 ;
454 1359 71 33 blue
541 1360 61 32 and
618 1360 92 33 silver
725 1360 136 34 brocade
877 1374 110 31 every-

154 1419 111 41 where,
297 1432 39 20 on
363 1420 50 32 the
441 1420 80 32 sofas
548 1422 62 31 and
637 1421 109 42 chairs,
776 1423 62 32 and
866 1436 39 20 on
933 1424 54 33 the

154 1481 133 32 window
294 1481 155 32 -curtains
480 1482 61 31 and
564 1484 162 41 portieres.
782 1485 68 32 The
881 1491 106 38 carpet

155 1554 64 20 was
244 1554 19 20 a
287 1543 108 42 couple
421 1544 35 31 of
474 1544 106 32 inches
605 1545 94 40 thick,
723 1546 61 32 like
808 1557 93 30 moss,
925 1548 62 32 and
