1090 1740
379 426 205 32 CHAPTER
608 428 38 30 X.

345 523 139 20 MADAME
509 523 171 21 CLAUDINE.

145 598 115 32 There
277 609 50 21 are
344 609 84 21 some
440 598 104 42 things
560 598 185 43 concerning
758 599 99 32 which
869 599 53 32 the

104 658 95 31 world
223 658 146 42 preaches
390 659 161 40 ignorance
567 670 34 20 as
617 670 18 20 a
650 659 90 41 proof
756 659 33 32 of
810 659 110 42 purity.

103 719 61 32 Yet
186 731 40 20 no
252 731 57 20 one
332 719 104 32 denies
460 719 68 33 that
547 720 118 32 science
688 719 56 32 has
767 719 78 33 been
868 719 52 33 the

102 792 93 21 cause
213 780 33 33 of
264 780 54 33 the
334 780 128 42 gradual
485 780 236 42 disappearance
738 780 34 32 of
792 792 84 21 some
892 780 33 33 of

101 841 52 33 the
169 846 93 27 worst
277 841 137 42 physical
430 841 75 32 evils
525 853 71 20 man
611 841 149 33 inherited
781 842 77 31 from
874 841 46 32 his

101 902 62 32 fall.
210 903 138 41 Leprosy
362 913 66 21 was
443 907 54 27 not
513 902 92 32 cured
627 902 42 42 by
685 902 123 32 averted
827 902 95 32 heads

101 963 62 31 and
179 963 128 32 delicate
320 963 76 32 cries
412 962 35 32 of
457 962 94 32 Don't
563 962 68 32 let's
646 962 70 33 look
729 968 31 26 at
772 963 21 31 it
804 963 6 32 !
849 962 72 32 And

98 1029 54 27 not
177 1024 53 32 the
258 1024 174 42 corruption
458 1024 77 42 only,
564 1024 53 32 but
641 1024 53 32 the
721 1024 199 43 complicated

99 1085 188 32 mechanism
303 1086 35 31 of
348 1086 126 31 modern
491 1085 115 43 society
622 1086 55 31 has
693 1086 193 42 engendered
902 1097 18 20 a

98 1147 96 31 moral
210 1147 124 42 leprosy
346 1146 99 33 which
460 1159 40 19 no
517 1159 56 19 one
590 1147 112 41 denies,
714 1147 99 31 which
826 1159 94 30 every

98 1220 57 19 one
166 1219 72 31 says
251 1207 96 42 ought
356 1212 32 27 to
398 1208 37 31 be
446 1207 100 41 cured,
555 1208 53 31 but
615 1208 98 31 which
723 1220 39 19 an
772 1207 148 42 infinitely

97 1268 89 32 small
201 1268 128 31 number
340 1268 87 31 alone
438 1269 61 30 will
509 1273 127 27 consent
651 1274 32 26 to
700 1268 99 42 study.
847 1268 72 31 And

97 1330 101 30 where
210 1340 32 20 so
259 1340 93 30 many
362 1328 139 32 hundred
513 1329 168 31 thousands
692 1328 33 32 of
737 1340 56 20 our
804 1328 115 32 fellow-

97 1395 155 27 creatures
275 1401 50 20 are
350 1389 177 40 concerned,
551 1389 102 32 where
677 1401 33 20 so
732 1400 94 31 many
842 1389 76 32 lives

93 1463 53 20 are
169 1449 152 40 Avrecked,
351 1461 33 20 so
419 1461 92 30 many
537 1449 80 32 souls
644 1449 179 42 imperilled,
858 1450 59 31 and

92 1512 76 32 such
188 1511 154 32 incurable
366 1510 113 42 misery
500 1510 131 32 entailed
651 1522 83 30 upon
754 1510 51 32 the
827 1511 87 32 inno-
