1090 1740
422 437 205 32 CHAPTER
650 436 38 31 II.

449 535 64 19 THE
530 534 133 20 APPEAL.

192 613 29 30 A
248 622 113 22 month
388 615 81 28 went
497 611 49 41 by,
563 610 61 31 and
650 609 52 32 the
727 608 79 33 keen
828 607 99 32 winds
943 605 35 33 of

149 673 51 32 the
216 673 99 41 plains
331 672 88 31 made
441 671 52 32 the
515 671 92 31 frosts
634 670 34 32 of
690 669 174 33 December
886 679 86 21 more

149 734 106 41 biting.
303 733 171 32 Madeleine
501 732 120 42 Raynal
647 731 62 32 had
733 731 79 32 been
835 729 138 32 warmed

149 795 61 31 and
239 795 59 39 fed,
328 795 60 31 and
418 794 88 31 there
536 804 64 20 was
630 804 18 20 a
674 793 60 31 low
770 796 91 27 straw
889 790 84 33 chair

148 856 40 41 by
215 856 51 31 the
294 856 64 31 side
386 855 34 32 of
442 855 52 32 the
519 855 55 31 fire
601 855 30 31 in
658 854 54 32 the
737 853 237 32 sabot-maker's

149 917 105 39 abode,
270 917 102 31 where
388 917 53 31 the
457 916 58 42 girl
533 916 102 41 might
657 916 38 31 be
720 926 82 30 seen,
820 915 60 41 day
896 914 79 32 after

150 978 67 41 day,
227 978 152 41 cowering
392 989 72 20 over
476 978 51 31 the
541 977 144 41 carefully
698 976 131 32 covered
842 977 130 31 embers.

152 1039 59 33 She
229 1039 50 31 did
302 1039 130 41 nothing
443 1052 7 27 ;
474 1039 64 40 but,
557 1039 55 32 her
626 1043 99 27 terror
748 1039 60 31 and
824 1038 56 32 her
895 1038 80 42 phy-

152 1099 73 32 sical
240 1104 98 27 wants
355 1099 128 42 allayed,
502 1099 54 32 she
574 1099 121 32 seemed
711 1104 32 27 to
760 1104 108 37 accept
884 1105 91 27 natu-

151 1160 77 42 rally
243 1160 52 32 the
311 1160 62 32 fact
384 1160 34 32 of
430 1165 128 37 support
574 1160 93 41 given
676 1165 32 27 to
721 1160 55 32 her
792 1160 42 42 by
845 1160 130 33 another

152 1221 110 33 almost
278 1233 32 21 as
326 1233 75 31 poor
417 1233 34 21 as
466 1221 120 33 herself.
634 1221 53 32 All
713 1221 54 32 the
784 1221 137 33 dullness
945 1222 33 32 of

151 1282 54 32 her
221 1287 108 28 nature
344 1283 62 32 had
422 1282 145 33 returned
591 1287 33 28 to
649 1282 63 41 her,
731 1282 61 33 and
807 1283 54 32 the
878 1288 98 28 truest

152 1344 88 32 mode
258 1344 33 32 of
303 1344 172 42 describing
491 1344 53 32 her
560 1344 131 43 parasite
705 1344 155 33 existence
872 1347 104 31 would

152 1405 37 31 be
215 1409 33 27 to
273 1417 54 30 say
342 1406 66 31 that
434 1406 54 31 she
513 1406 86 41 hung
626 1406 105 33 about.
778 1407 104 34 Those
905 1409 71 32 who

153 1467 208 31 remembered
392 1467 116 32 Claude
540 1468 131 41 Raynal,
705 1469 156 42 shrugged
895 1469 81 33 their

154 1526 156 33 shoulders
337 1529 273 42 contemptuously,
628 1530 59 32 and
704 1530 111 42 opined
830 1531 70 32 that
922 1531 55 32 the
