1090 1740
390 95 68 21 TWO
481 95 156 21 MOTHERS.

890 93 32 24 95

108 171 155 33 Clavreuil
287 184 62 20 was
368 184 40 20 no
431 172 87 32 other
539 172 74 32 than
635 172 52 32 the
709 173 154 42 Marquise
886 174 37 31 de

107 233 193 40 Beauvoisin,
324 234 52 31 the
392 233 120 32 mother
535 234 34 31 of
588 234 126 33 Claire's
737 235 147 41 husband,
905 247 18 20 a

107 306 76 30 very
205 295 189 32 remarkable
416 306 119 30 person.

151 357 228 32 Mademoiselle
410 357 37 31 de
469 357 166 41 Moranges
657 358 60 32 had
739 359 131 41 brought
892 363 32 27 to

107 417 53 31 the
183 429 71 20 man
272 422 32 27 to
322 417 102 32 whom
445 417 54 32 her
521 417 83 32 hand
626 430 64 20 was
709 419 139 32 destined
868 431 57 20 one

109 478 34 32 of
160 478 50 31 the
226 478 114 41 largest
355 478 136 31 fortunes
507 478 161 41 possessed
690 479 41 41 by
746 491 60 31 any
822 480 34 31 of
872 480 53 32 the

110 539 95 42 (then)
223 544 86 37 great
324 540 150 31 heiresses
489 539 31 31 in
541 540 125 31 France.
706 540 74 32 This
795 541 128 39 fortune,

104 601 105 41 joined
224 605 31 27 to
276 600 55 32 her
351 600 175 40 husband's,
545 600 53 32 she
619 600 61 32 had
701 601 93 31 found
809 613 114 29 means,

108 662 41 41 by
171 661 55 33 her
249 662 100 31 clever
372 666 224 37 management,
621 666 31 27 to
676 668 147 35 augment
845 663 32 31 in
908 674 18 20 a

109 734 74 30 very
221 723 206 31 considerable
466 723 125 40 degree;
622 722 45 31 for
705 723 52 31 she
788 734 71 29 was,
893 734 33 21 as

109 784 55 32 her
186 784 124 32 brother
332 795 63 20 was
418 788 83 27 wont
520 789 31 26 to
574 784 192 31 denominate
788 784 62 39 her,
873 784 53 32 the

109 845 66 31 first
197 856 72 20 man
293 844 34 31 of
352 844 138 31 business
513 844 30 30 in
567 844 122 41 Europe
701 857 6 26 ;
732 844 59 31 and
821 844 41 31 M.
888 844 36 31 de

110 905 194 39 Beauvoisin,
337 916 74 20 soon
442 904 165 32 convinced
645 904 34 31 of
712 904 69 40 this,
813 904 114 32 retired

110 966 78 32 from
203 966 52 32 the
271 966 133 31 exercise
420 965 35 32 of
474 977 58 29 any
548 965 117 31 control
685 965 155 32 whatever
856 977 71 19 over

110 1027 47 32 his
180 1032 154 37 property,
359 1027 61 31 and
442 1026 54 32 left
519 1026 39 32 all
580 1027 32 30 in
634 1026 51 32 the
708 1026 97 31 hands
828 1026 34 31 of
879 1026 48 31 his

110 1089 169 40 extremely
296 1088 158 41 sagacious
478 1099 118 30 spouse.

154 1150 73 32 This
250 1149 82 43 prize
355 1154 118 36 notary,
499 1160 33 20 as
556 1160 82 19 some
666 1160 57 19 one
746 1148 60 32 else
830 1148 97 31 called

110 1211 64 40 her,
199 1222 63 20 was
289 1209 83 43 early
395 1209 53 33 left
472 1221 19 20 a
512 1209 117 40 widow,
652 1209 60 31 and
733 1208 53 32 she
804 1213 30 27 at
854 1220 73 19 once

110 1272 74 31 took
199 1271 54 32 the
268 1282 162 31 necessary
444 1281 155 21 measures
615 1270 46 31 for
675 1269 183 42 preventing
873 1268 55 31 her

111 1344 56 20 son
182 1331 77 33 from
281 1332 30 31 in
336 1343 60 31 any
414 1343 68 30 way
502 1331 155 40 meddling
673 1330 30 30 in
722 1330 54 31 her
797 1330 86 41 plans
900 1328 33 32 of

111 1397 212 39 government.
381 1392 61 33 She
469 1391 60 33 had
551 1391 63 32 him
637 1390 148 33 educated
807 1390 121 41 strictly

111 1456 165 40 according
297 1458 33 27 to
350 1453 53 32 the
418 1452 134 42 method,
578 1464 90 30 every
685 1451 89 33 detail
797 1450 136 33 whereof

110 1518 55 32 she
181 1517 61 32 laid
258 1516 89 32 down
359 1529 6 27 ;
390 1514 59 32 and
473 1514 53 32 she
551 1513 62 33 had
635 1513 72 41 him,
731 1518 32 28 at
778 1513 51 33 the
845 1524 83 22 same
