1090 1740
834 99 51 26 125

352 103 40 20 LA
415 103 170 22 TRAVIATA.

67 177 127 42 Sphinx,
220 190 40 20 on
282 190 39 21 an
345 178 140 33 occasion
507 179 90 32 when
621 180 174 42 everybody
818 181 68 31 who

67 238 128 43 belongs
210 244 33 28 to
260 239 113 43 society
388 240 26 32 is
431 252 69 20 sure
516 245 31 27 to
564 241 37 31 be

112 300 67 32 The
207 301 140 32 Duchess
373 302 89 31 made
486 302 61 32 this
569 304 122 30 remark
714 315 33 19 as
770 303 117 41 though

68 360 55 33 she
139 373 79 20 were
234 361 107 42 giving
357 361 100 32 Claire
474 374 18 19 a
507 363 73 31 kind
597 363 33 31 of
641 363 109 32 lesson.

112 423 66 31 The
202 423 74 31 door
299 435 63 19 was
386 424 126 41 opened,
536 425 59 31 and
618 425 52 31 the
694 425 137 42 Marquis
853 425 37 32 de

71 483 165 42 Moranges
272 484 136 40 entered,
445 486 218 40 accompanied
692 485 42 42 by
763 486 128 32 another

71 556 79 28 man,
169 556 83 20 some
268 549 120 38 twenty
404 557 88 30 years
508 558 139 29 younger
660 546 75 32 than
749 546 130 32 himself.

325 606 175 41 exclaimed,
525 607 111 41 gladly,
662 607 42 33 M.
731 607 37 32 de
794 608 98 31 Beau-

72 667 106 40 voisin,
196 667 127 42 holding
339 672 54 27 out
411 668 48 31 his
475 668 83 32 hand
578 674 32 26 to
631 669 52 31 the
699 681 68 19 new
783 681 109 27 comer,

72 728 74 31 with
161 728 92 41 what,
271 729 46 31 for
339 729 73 40 him,
430 741 63 20 was
517 741 39 20 an
579 730 130 31 unusual
733 730 112 41 degree
864 730 33 32 of

72 790 175 32 animation.
349 790 96 32 What
475 802 39 20 an
544 802 57 29 age
632 791 81 31 since
744 802 46 21 we
820 797 71 27 met.

73 851 110 31 We've
199 851 78 31 been
299 851 89 32 home
411 852 106 41 nearly
531 857 55 26 ten
608 852 83 41 days,
709 852 60 31 and
785 852 15 31 I
815 852 78 32 have

73 916 55 27 not
144 923 72 20 seen
232 923 60 29 you
308 916 52 36 yet
371 912 6 31 !

118 972 128 41 Having
262 972 116 32 shaken
399 972 98 32 hands
518 972 144 42 cordially
677 973 75 31 with
769 973 124 39 Olivier,

74 1034 54 31 the
143 1045 69 20 new
232 1045 102 21 comer
354 1034 158 31 advanced
534 1045 19 20 a
572 1038 75 38 step,
664 1034 61 31 and
740 1034 109 32 bowed
863 1040 32 26 to

75 1095 53 32 the
153 1100 62 27 two
239 1095 94 32 ladies
360 1095 33 32 in
425 1095 90 40 front,
544 1095 167 42 extending
736 1095 47 32 his
812 1095 83 32 hand

76 1157 66 31 first
166 1161 32 27 to
222 1156 144 32 Madame
391 1155 38 32 de
459 1155 191 40 Beauvoisin,
682 1155 75 32 then
785 1161 33 26 to
844 1155 51 32 the

78 1217 150 40 Duchess,
255 1217 69 32 who
354 1216 127 43 greeted
510 1216 64 32 him
600 1216 74 32 Avith
705 1222 91 34 overt,
825 1227 70 31 nay,

78 1279 110 32 almost
211 1278 88 42 noisy
321 1277 125 42 delight.
501 1277 50 32 He
577 1277 75 33 then
675 1277 109 33 turned
808 1277 89 41 again

78 1338 98 33 round
205 1343 33 28 to
262 1338 51 32 the
337 1338 165 41 Marquise,
535 1343 54 37 put
620 1343 53 27 out
702 1338 47 32 his
773 1338 83 31 hand
880 1349 17 21 a

79 1400 113 33 second
206 1400 82 40 time,
308 1399 116 41 saying,
426 1419 44 2 —

152 1462 55 41 My
224 1461 80 40 dear,
324 1461 73 31 dear
409 1460 100 33 Claire
520 1462 6 31 !
543 1473 53 30 my
612 1461 73 31 dear
696 1460 74 32 little
783 1461 111 42 cousin,

79 1523 85 32 what
179 1534 18 21 a
212 1522 63 32 real
292 1521 140 41 pleasure
449 1521 23 32 it
491 1521 26 32 is
537 1525 30 28 to
589 1532 49 21 see
654 1532 60 30 you
729 1521 78 33 back
823 1534 72 21 once
