1090 1740
127 114 51 26 180

355 121 82 20 LOATE
460 121 64 20 THE
547 119 159 22 AVENGER.

126 197 130 33 married
272 198 116 42 couple,
407 198 60 32 and
491 198 33 32 of
546 197 128 41 bidding
697 199 32 28 to
751 194 24 32 it
800 193 40 33 all
865 193 87 33 those

127 259 68 32 Avho
215 259 61 32 had
298 259 53 33 the
375 259 118 33 honour
514 259 35 32 of
569 259 94 41 being
686 254 170 36 connected
878 254 74 33 with

127 320 52 32 the
196 321 186 31 Beauvoisin
398 333 77 19 race.

170 383 41 31 M.
230 383 35 31 de
282 383 163 42 Moranges
461 394 94 21 never
568 394 73 20 once
657 381 134 33 flinched
811 379 58 43 (his
882 378 72 42 wily

128 444 87 31 sister
231 444 61 32 had
307 445 115 41 rightly
437 445 137 31 foreseen
598 444 69 32 that
690 443 38 32 he
746 442 103 33 would
865 440 66 43 not)
945 455 7 26 ;

127 507 31 31 in
178 506 52 32 the
246 519 89 19 name
359 507 34 32 of
408 507 45 32 his
477 507 108 32 House
608 506 38 32 he
670 506 73 31 bore
768 503 186 44 everything

127 567 155 42 manfully,
301 568 60 31 and
382 573 49 27 ate
447 569 47 31 six
517 568 122 32 dinners
661 579 18 20 a
695 567 86 32 week
806 565 151 43 (whereof

127 628 58 32 five
200 641 79 20 were
294 630 158 41 generally
466 629 71 42 bad)
550 629 76 32 with
642 629 109 42 people
764 628 70 32 Avho
852 628 100 31 suited

127 690 63 32 him
207 690 39 41 ill,
265 691 59 32 and
340 691 101 32 whom
462 691 30 32 in
508 690 49 33 his
582 695 97 28 secret
697 690 66 32 soul
779 690 39 32 he
835 690 118 32 Avished

127 756 32 27 at
182 751 154 43 Cayenne,
361 763 33 20 or
417 751 174 43 anywhere,
608 751 127 33 Avhence
760 751 74 43 they
851 751 102 33 would

127 818 53 27 not
203 814 37 31 be
263 814 94 42 likely
371 819 32 27 to
426 818 113 28 return.
586 814 63 31 But
673 814 39 31 he
735 815 75 31 bore
834 814 33 42 it,
892 815 61 31 and

127 875 106 41 might,
259 875 28 31 if
308 875 39 31 he
375 875 60 31 had
463 875 90 32 cared
580 875 46 31 for
653 875 32 41 it,
710 875 80 32 have
813 876 62 31 had
899 876 53 32 the

128 936 187 32 satisfaction
331 937 34 31 of
379 937 129 41 hearing
524 937 70 31 hoAv
610 937 39 31 he
665 936 62 32 had
751 937 145 32 charmed
913 938 40 32 all

126 997 52 32 the
200 1009 139 30 younger
363 1010 127 28 women,
515 1010 93 30 many
632 997 35 32 of
685 998 102 31 whom
806 998 62 32 had
890 1004 63 28 met

127 1059 62 31 him
206 1059 45 31 for
267 1060 110 31 almost
392 1060 53 31 the
468 1060 67 31 first
553 1060 83 40 time,
662 1061 61 30 and
740 1061 39 31 all
796 1061 34 31 of
850 1061 102 32 whom

127 1121 154 31 lamented
306 1121 68 31 that
396 1121 38 32 he
462 1121 51 32 did
539 1126 54 27 not
619 1132 85 21 more
731 1121 143 43 frequent
901 1122 53 32 the

129 1182 102 31 world.

171 1243 66 32 The
261 1243 152 42 Dowager
436 1244 166 42 Marquise,
624 1244 165 32 Avhenever
813 1244 54 33 she
889 1257 64 20 was

129 1305 106 32 Avithin
252 1305 121 32 earshot
397 1305 34 32 of
450 1306 57 32 her
521 1306 133 41 brother,
680 1307 168 31 descanted
871 1319 82 30 upon

130 1366 92 32 social
239 1367 181 42 obligations
434 1381 7 27 ;
465 1368 115 41 proved
596 1367 117 32 herself
727 1368 228 42 large-minded

130 1428 61 30 and
207 1428 104 32 liberal
335 1440 33 20 as
384 1433 31 27 to
432 1428 84 33 what
538 1430 151 40 regarded
705 1430 52 32 the
777 1431 132 32 conduct
925 1431 33 31 of

131 1487 54 32 her
210 1488 98 32 fellow
339 1495 153 27 creatures
507 1504 7 27 ;
546 1490 65 32 said
637 1491 69 32 that
735 1492 50 41 lay
813 1492 142 33 between

131 1547 184 34 themselves
339 1551 60 31 and
422 1563 19 19 a
462 1551 120 40 Higher
604 1552 108 32 Power
725 1565 7 26 ;
764 1552 60 33 and
847 1552 62 33 laid
932 1553 24 32 it
