<?xml version="1.0" encoding="UTF-8"?>
<alto xmlns:xsi="http://www.w3.org/2001/XMLSchema-instance" xsi:noNamespaceSchemaLocation="http://www.bl.uk/schemas/alto/alto-1-4.xsd" xmlns:xlink="http://www.w3.org/1999/xlink">
	<Description>
		<MeasurementUnit>mm10</MeasurementUnit>
		<sourceImageInformation>
			<fileName>//head1/IN/2007-46/A0010888503.1/009791.jp2</fileName>
		</sourceImageInformation>
		<OCRProcessing ID="OCRPROCESSING_1">
			<preProcessingStep>
				<processingSoftware>
					<softwareCreator>CCS Content Conversion Specialists GmbH, Germany</softwareCreator>
					<softwareName>CCS docWORKS</softwareName>
					<softwareVersion>6.1-0.61</softwareVersion>
				</processingSoftware>
			</preProcessingStep>
			<ocrProcessingStep>
				<processingSoftware>
					<softwareCreator>ABBYY (BIT Software), Russia</softwareCreator>
					<softwareName>Finereader</softwareName>
				</processingSoftware>
			</ocrProcessingStep>
		</OCRProcessing>
	</Description>
	<Styles>
		<TextStyle ID="TXT_0" FONTSIZE="10" FONTFAMILY="Courier New"/>
		<TextStyle ID="TXT_1" FONTSIZE="9" FONTFAMILY="Courier New"/>
		<ParagraphStyle ID="PAR_CENTER" ALIGN="Center"/>
		<ParagraphStyle ID="PAR_LEFT" ALIGN="Left"/>
		<ParagraphStyle ID="PAR_RIGHT" ALIGN="Right"/>
	</Styles>
	<Layout>
		<Page ID="P255" PHYSICAL_IMG_NR="255" HEIGHT="1740" WIDTH="1090" POSITION="Right" ACCURACY="75.53">
			<TopMargin ID="P255_TM00001" HPOS="0" VPOS="0" WIDTH="1089" HEIGHT="419"/>
			<LeftMargin ID="P255_LM00001" HPOS="0" VPOS="419" WIDTH="127" HEIGHT="1169"/>
			<RightMargin ID="P255_RM00001" HPOS="944" VPOS="419" WIDTH="145" HEIGHT="1169"/>
			<BottomMargin ID="P255_BM00001" HPOS="0" VPOS="1588" WIDTH="1089" HEIGHT="151"/>
			<PrintSpace ID="P255_PS00001" HPOS="127" VPOS="419" WIDTH="817" HEIGHT="1169">
				<TextBlock ID="P255_TB00001" HPOS="374" VPOS="419" WIDTH="327" HEIGHT="34" STYLEREFS="TXT_0 PAR_CENTER">
					<TextLine ID="P255_TL00001" HPOS="374" VPOS="420" WIDTH="327" HEIGHT="33">
						<String ID="P255_ST00001" HPOS="374" VPOS="420" WIDTH="204" HEIGHT="33" CONTENT="CHAPTER" WC="0.58" CC="5607046"/>
						<SP ID="P255_SP00001" HPOS="578" VPOS="453" WIDTH="21"/>
						<String ID="P255_ST00002" HPOS="599" VPOS="422" WIDTH="102" HEIGHT="31" CONTENT="XVH." WC="0.83" CC="0600"/>
					</TextLine>
				</TextBlock>
				<TextBlock ID="P255_TB00002" HPOS="332" VPOS="517" WIDTH="413" HEIGHT="23" STYLEREFS="TXT_0 PAR_CENTER">
					<TextLine ID="P255_TL00002" HPOS="333" VPOS="518" WIDTH="412" HEIGHT="22">
						<String ID="P255_ST00003" HPOS="333" VPOS="518" WIDTH="251" HEIGHT="22" CONTENT="MADEMOISELLE" WC="0.81" CC="005302250030"/>
						<SP ID="P255_SP00002" HPOS="584" VPOS="540" WIDTH="24"/>
						<String ID="P255_ST00004" HPOS="608" VPOS="519" WIDTH="137" HEIGHT="21" CONTENT="ASPASIE." WC="0.82" CC="03700020"/>
					</TextLine>
				</TextBlock>
				<TextBlock ID="P255_TB00003" HPOS="127" VPOS="591" WIDTH="817" HEIGHT="957" STYLEREFS="TXT_0 PAR_LEFT">
					<TextLine ID="P255_TL00003" HPOS="174" VPOS="592" WIDTH="769" HEIGHT="43">
						<String ID="P255_ST00005" HPOS="174" VPOS="592" WIDTH="49" HEIGHT="32" CONTENT="On" WC="0.89" CC="02"/>
						<SP ID="P255_SP00003" HPOS="223" VPOS="624" WIDTH="16"/>
						<String ID="P255_ST00006" HPOS="239" VPOS="592" WIDTH="111" HEIGHT="32" CONTENT="Easter" WC="0.83" CC="300600"/>
						<SP ID="P255_SP00004" HPOS="350" VPOS="624" WIDTH="11"/>
						<String ID="P255_ST00007" HPOS="361" VPOS="592" WIDTH="150" HEIGHT="43" CONTENT="Tuesday," WC="0.89" CC="06020000"/>
						<SP ID="P255_SP00005" HPOS="511" VPOS="635" WIDTH="17"/>
						<String ID="P255_ST00008" HPOS="528" VPOS="593" WIDTH="50" HEIGHT="32" CONTENT="the" WC="0.62" CC="370"/>
						<SP ID="P255_SP00006" HPOS="578" VPOS="635" WIDTH="17"/>
						<String ID="P255_ST00009" HPOS="595" VPOS="593" WIDTH="58" HEIGHT="42" CONTENT="day" WC="1.00" CC="000"/>
						<SP ID="P255_SP00007" HPOS="653" VPOS="635" WIDTH="10"/>
						<String ID="P255_ST00010" HPOS="663" VPOS="593" WIDTH="56" HEIGHT="32" CONTENT="but" WC="0.59" CC="712"/>
						<SP ID="P255_SP00008" HPOS="719" VPOS="635" WIDTH="15"/>
						<String ID="P255_ST00011" HPOS="734" VPOS="605" WIDTH="56" HEIGHT="20" CONTENT="one" WC="0.82" CC="050"/>
						<SP ID="P255_SP00009" HPOS="790" VPOS="635" WIDTH="16"/>
						<String ID="P255_ST00012" HPOS="806" VPOS="594" WIDTH="76" HEIGHT="31" CONTENT="after" WC="0.82" CC="02203"/>
						<SP ID="P255_SP00010" HPOS="882" VPOS="635" WIDTH="14"/>
						<String ID="P255_ST00013" HPOS="896" VPOS="606" WIDTH="47" HEIGHT="19" CONTENT="we" WC="1.00" CC="00"/>
					</TextLine>
					<TextLine ID="P255_TL00004" HPOS="129" VPOS="653" WIDTH="815" HEIGHT="34">
						<String ID="P255_ST00014" HPOS="129" VPOS="653" WIDTH="78" HEIGHT="32" CONTENT="have" WC="0.63" CC="7070"/>
						<SP ID="P255_SP00011" HPOS="207" VPOS="685" WIDTH="26"/>
						<String ID="P255_ST00015" HPOS="233" VPOS="665" WIDTH="71" HEIGHT="21" CONTENT="seen" WC="0.83" CC="0006"/>
						<SP ID="P255_SP00012" HPOS="304" VPOS="686" WIDTH="20"/>
						<String ID="P255_ST00016" HPOS="324" VPOS="653" WIDTH="114" HEIGHT="33" CONTENT="Olivier" WC="0.64" CC="0147406"/>
						<SP ID="P255_SP00013" HPOS="438" VPOS="686" WIDTH="22"/>
						<String ID="P255_ST00017" HPOS="460" VPOS="654" WIDTH="37" HEIGHT="32" CONTENT="de" WC="1.00" CC="00"/>
						<SP ID="P255_SP00014" HPOS="497" VPOS="686" WIDTH="21"/>
						<String ID="P255_ST00018" HPOS="518" VPOS="655" WIDTH="184" HEIGHT="31" CONTENT="Beauvoisin" WC="0.53" CC="6026705566"/>
						<SP ID="P255_SP00015" HPOS="702" VPOS="686" WIDTH="23"/>
						<String ID="P255_ST00019" HPOS="725" VPOS="655" WIDTH="61" HEIGHT="31" CONTENT="and" WC="0.76" CC="070"/>
						<SP ID="P255_SP00016" HPOS="786" VPOS="686" WIDTH="22"/>
						<String ID="P255_ST00020" HPOS="808" VPOS="655" WIDTH="47" HEIGHT="32" CONTENT="his" WC="0.47" CC="734"/>
						<SP ID="P255_SP00017" HPOS="855" VPOS="687" WIDTH="20"/>
						<String ID="P255_ST00021" HPOS="875" VPOS="655" WIDTH="69" HEIGHT="32" CONTENT="wife" WC="0.87" CC="0500"/>
					</TextLine>
					<TextLine ID="P255_TL00005" HPOS="129" VPOS="716" WIDTH="815" HEIGHT="42">
						<String ID="P255_ST00022" HPOS="129" VPOS="716" WIDTH="94" HEIGHT="41" CONTENT="going" WC="0.53" CC="00579"/>
						<SP ID="P255_SP00018" HPOS="223" VPOS="757" WIDTH="15"/>
						<String ID="P255_ST00023" HPOS="238" VPOS="721" WIDTH="32" HEIGHT="26" CONTENT="to" WC="0.65" CC="70"/>
						<SP ID="P255_SP00019" HPOS="270" VPOS="757" WIDTH="24"/>
						<String ID="P255_ST00024" HPOS="294" VPOS="716" WIDTH="73" HEIGHT="41" CONTENT="high" WC="0.50" CC="7407"/>
						<SP ID="P255_SP00020" HPOS="367" VPOS="757" WIDTH="22"/>
						<String ID="P255_ST00025" HPOS="389" VPOS="727" WIDTH="83" HEIGHT="20" CONTENT="mass" WC="0.83" CC="0032"/>
						<SP ID="P255_SP00021" HPOS="472" VPOS="757" WIDTH="23"/>
						<String ID="P255_ST00026" HPOS="495" VPOS="721" WIDTH="31" HEIGHT="26" CONTENT="at" WC="1.00" CC="00"/>
						<SP ID="P255_SP00022" HPOS="526" VPOS="757" WIDTH="15"/>
						<String ID="P255_ST00027" HPOS="541" VPOS="716" WIDTH="77" HEIGHT="32" CONTENT="their" WC="0.55" CC="37055"/>
						<SP ID="P255_SP00023" HPOS="618" VPOS="757" WIDTH="18"/>
						<String ID="P255_ST00028" HPOS="636" VPOS="717" WIDTH="103" HEIGHT="41" CONTENT="parish" WC="0.53" CC="805607"/>
						<SP ID="P255_SP00024" HPOS="739" VPOS="758" WIDTH="16"/>
						<String ID="P255_ST00029" HPOS="755" VPOS="717" WIDTH="120" HEIGHT="40" CONTENT="church," WC="0.71" CC="0750070"/>
						<SP ID="P255_SP00025" HPOS="875" VPOS="758" WIDTH="18"/>
						<String ID="P255_ST00030" HPOS="893" VPOS="717" WIDTH="51" HEIGHT="31" CONTENT="the" WC="0.60" CC="074"/>
					</TextLine>
					<TextLine ID="P255_TL00006" HPOS="130" VPOS="775" WIDTH="814" HEIGHT="42">
						<String ID="P255_ST00031" HPOS="130" VPOS="775" WIDTH="53" HEIGHT="40" CONTENT="fat," WC="1.00" CC="0000"/>
						<SP ID="P255_SP00026" HPOS="183" VPOS="815" WIDTH="17"/>
						<String ID="P255_ST00032" HPOS="200" VPOS="776" WIDTH="110" HEIGHT="41" CONTENT="vulgar" WC="0.74" CC="780000"/>
						<SP ID="P255_SP00027" HPOS="310" VPOS="817" WIDTH="14"/>
						<String ID="P255_ST00033" HPOS="324" VPOS="787" WIDTH="81" HEIGHT="29" CONTENT="man," WC="0.83" CC="0060"/>
						<SP ID="P255_SP00028" HPOS="405" VPOS="817" WIDTH="19"/>
						<String ID="P255_ST00034" HPOS="424" VPOS="776" WIDTH="101" HEIGHT="31" CONTENT="whom" WC="0.81" CC="0700"/>
						<SP ID="P255_SP00029" HPOS="525" VPOS="817" WIDTH="15"/>
						<String ID="P255_ST00035" HPOS="540" VPOS="776" WIDTH="99" HEIGHT="32" CONTENT="Claire" WC="0.73" CC="600620"/>
						<SP ID="P255_SP00030" HPOS="639" VPOS="817" WIDTH="23"/>
						<String ID="P255_ST00036" HPOS="662" VPOS="776" WIDTH="61" HEIGHT="31" CONTENT="had" WC="0.56" CC="750"/>
						<SP ID="P255_SP00031" HPOS="723" VPOS="817" WIDTH="15"/>
						<String ID="P255_ST00037" HPOS="738" VPOS="777" WIDTH="77" HEIGHT="31" CONTENT="been" WC="0.82" CC="0007"/>
						<SP ID="P255_SP00032" HPOS="815" VPOS="817" WIDTH="15"/>
						<String ID="P255_ST00038" HPOS="830" VPOS="788" WIDTH="33" HEIGHT="20" CONTENT="so" WC="0.58" CC="34"/>
						<SP ID="P255_SP00033" HPOS="863" VPOS="817" WIDTH="17"/>
						<String ID="P255_ST00039" HPOS="880" VPOS="789" WIDTH="64" HEIGHT="19" CONTENT="sur" SUBS_TYPE="HypPart1" SUBS_CONTENT="surprised" WC="0.66" CC="6600"/>
						<HYP CONTENT="-"/>
					</TextLine>
					<TextLine ID="P255_TL00007" HPOS="130" VPOS="836" WIDTH="814" HEIGHT="43">
						<String ID="P255_ST00040" HPOS="130" VPOS="836" WIDTH="103" HEIGHT="43" CONTENT="prised" SUBS_TYPE="HypPart2" SUBS_CONTENT="surprised" WC="0.75" CC="054500"/>
						<SP ID="P255_SP00034" HPOS="233" VPOS="879" WIDTH="14"/>
						<String ID="P255_ST00041" HPOS="247" VPOS="841" WIDTH="32" HEIGHT="27" CONTENT="to" WC="0.63" CC="16"/>
						<SP ID="P255_SP00035" HPOS="279" VPOS="879" WIDTH="24"/>
						<String ID="P255_ST00042" HPOS="303" VPOS="848" WIDTH="50" HEIGHT="20" CONTENT="see" WC="0.93" CC="200"/>
						<SP ID="P255_SP00036" HPOS="353" VPOS="879" WIDTH="21"/>
						<String ID="P255_ST00043" HPOS="374" VPOS="841" WIDTH="103" HEIGHT="27" CONTENT="accost" WC="0.90" CC="000005"/>
						<SP ID="P255_SP00037" HPOS="477" VPOS="879" WIDTH="15"/>
						<String ID="P255_ST00044" HPOS="492" VPOS="836" WIDTH="54" HEIGHT="32" CONTENT="her" WC="0.61" CC="703"/>
						<SP ID="P255_SP00038" HPOS="546" VPOS="879" WIDTH="22"/>
						<String ID="P255_ST00045" HPOS="568" VPOS="836" WIDTH="141" HEIGHT="32" CONTENT="husband" WC="0.58" CC="7644050"/>
						<SP ID="P255_SP00039" HPOS="709" VPOS="879" WIDTH="15"/>
						<String ID="P255_ST00046" HPOS="724" VPOS="837" WIDTH="30" HEIGHT="31" CONTENT="in" WC="0.44" CC="46"/>
						<SP ID="P255_SP00040" HPOS="754" VPOS="879" WIDTH="20"/>
						<String ID="P255_ST00047" HPOS="774" VPOS="836" WIDTH="52" HEIGHT="32" CONTENT="the" WC="0.47" CC="572"/>
						<SP ID="P255_SP00041" HPOS="826" VPOS="879" WIDTH="15"/>
						<String ID="P255_ST00048" HPOS="841" VPOS="837" WIDTH="103" HEIGHT="42" CONTENT="public" WC="0.75" CC="077000"/>
					</TextLine>
					<TextLine ID="P255_TL00008" HPOS="131" VPOS="897" WIDTH="812" HEIGHT="43">
						<String ID="P255_ST00049" HPOS="131" VPOS="902" WIDTH="106" HEIGHT="36" CONTENT="street," WC="0.63" CC="4640063"/>
						<SP ID="P255_SP00042" HPOS="237" VPOS="938" WIDTH="17"/>
						<String ID="P255_ST00050" HPOS="254" VPOS="909" WIDTH="63" HEIGHT="20" CONTENT="was" WC="0.90" CC="020"/>
						<SP ID="P255_SP00043" HPOS="317" VPOS="938" WIDTH="16"/>
						<String ID="P255_ST00051" HPOS="333" VPOS="897" WIDTH="133" HEIGHT="42" CONTENT="walking" WC="0.81" CC="0000570"/>
						<SP ID="P255_SP00044" HPOS="466" VPOS="939" WIDTH="12"/>
						<String ID="P255_ST00052" HPOS="478" VPOS="897" WIDTH="91" HEIGHT="41" CONTENT="along" WC="0.72" CC="03270"/>
						<SP ID="P255_SP00045" HPOS="569" VPOS="939" WIDTH="15"/>
						<String ID="P255_ST00053" HPOS="584" VPOS="909" WIDTH="56" HEIGHT="20" CONTENT="one" WC="0.76" CC="070"/>
						<SP ID="P255_SP00046" HPOS="640" VPOS="939" WIDTH="17"/>
						<String ID="P255_ST00054" HPOS="657" VPOS="897" WIDTH="33" HEIGHT="32" CONTENT="of" WC="1.00" CC="00"/>
						<SP ID="P255_SP00047" HPOS="690" VPOS="939" WIDTH="17"/>
						<String ID="P255_ST00055" HPOS="707" VPOS="897" WIDTH="52" HEIGHT="32" CONTENT="the" WC="0.60" CC="470"/>
						<SP ID="P255_SP00048" HPOS="759" VPOS="939" WIDTH="13"/>
						<String ID="P255_ST00056" HPOS="772" VPOS="897" WIDTH="171" HEIGHT="43" CONTENT="side-alleys" WC="0.80" CC="53000005007"/>
					</TextLine>
					<TextLine ID="P255_TL00009" HPOS="132" VPOS="957" WIDTH="812" HEIGHT="43">
						<String ID="P255_ST00057" HPOS="132" VPOS="958" WIDTH="35" HEIGHT="32" CONTENT="of" WC="1.00" CC="00"/>
						<SP ID="P255_SP00049" HPOS="167" VPOS="990" WIDTH="20"/>
						<String ID="P255_ST00058" HPOS="187" VPOS="958" WIDTH="53" HEIGHT="32" CONTENT="the" WC="0.60" CC="470"/>
						<SP ID="P255_SP00050" HPOS="240" VPOS="990" WIDTH="26"/>
						<String ID="P255_ST00059" HPOS="266" VPOS="958" WIDTH="76" HEIGHT="42" CONTENT="park" WC="0.81" CC="0070"/>
						<SP ID="P255_SP00051" HPOS="342" VPOS="1000" WIDTH="25"/>
						<String ID="P255_ST00060" HPOS="367" VPOS="963" WIDTH="34" HEIGHT="27" CONTENT="at" WC="1.00" CC="00"/>
						<SP ID="P255_SP00052" HPOS="401" VPOS="1000" WIDTH="24"/>
						<String ID="P255_ST00061" HPOS="425" VPOS="957" WIDTH="164" HEIGHT="33" CONTENT="Versailles" WC="0.74" CC="7005031204"/>
						<String ID="P255_ST00062" HPOS="603" VPOS="971" WIDTH="6" HEIGHT="27" CONTENT=";" WC="0.68" CC="3"/>
						<SP ID="P255_SP00053" HPOS="609" VPOS="1000" WIDTH="25"/>
						<String ID="P255_ST00063" HPOS="634" VPOS="969" WIDTH="56" HEIGHT="21" CONTENT="one" WC="0.81" CC="050"/>
						<SP ID="P255_SP00054" HPOS="690" VPOS="1000" WIDTH="24"/>
						<String ID="P255_ST00064" HPOS="714" VPOS="957" WIDTH="34" HEIGHT="33" CONTENT="of" WC="1.00" CC="00"/>
						<SP ID="P255_SP00055" HPOS="748" VPOS="1000" WIDTH="21"/>
						<String ID="P255_ST00065" HPOS="769" VPOS="958" WIDTH="51" HEIGHT="32" CONTENT="the" WC="0.59" CC="371"/>
						<SP ID="P255_SP00056" HPOS="820" VPOS="1000" WIDTH="23"/>
						<String ID="P255_ST00066" HPOS="843" VPOS="958" WIDTH="101" HEIGHT="32" CONTENT="unfre" SUBS_TYPE="HypPart1" SUBS_CONTENT="unfrequented" WC="0.69" CC="553300"/>
						<HYP CONTENT="-"/>
					</TextLine>
					<TextLine ID="P255_TL00010" HPOS="133" VPOS="1018" WIDTH="810" HEIGHT="43">
						<String ID="P255_ST00067" HPOS="133" VPOS="1019" WIDTH="133" HEIGHT="42" CONTENT="quented" SUBS_TYPE="HypPart2" SUBS_CONTENT="unfrequented" WC="0.82" CC="0605000"/>
						<SP ID="P255_SP00057" HPOS="266" VPOS="1061" WIDTH="17"/>
						<String ID="P255_ST00068" HPOS="283" VPOS="1030" WIDTH="81" HEIGHT="29" CONTENT="ones," WC="0.77" CC="05032"/>
						<SP ID="P255_SP00058" HPOS="364" VPOS="1061" WIDTH="18"/>
						<String ID="P255_ST00069" HPOS="382" VPOS="1018" WIDTH="122" HEIGHT="42" CONTENT="leading" WC="0.90" CC="0000070"/>
						<SP ID="P255_SP00059" HPOS="504" VPOS="1061" WIDTH="20"/>
						<String ID="P255_ST00070" HPOS="524" VPOS="1018" WIDTH="152" HEIGHT="42" CONTENT="obliquely" WC="0.71" CC="304406050"/>
						<SP ID="P255_SP00060" HPOS="676" VPOS="1061" WIDTH="16"/>
						<String ID="P255_ST00071" HPOS="692" VPOS="1018" WIDTH="76" HEIGHT="32" CONTENT="from" WC="0.95" CC="2000"/>
						<SP ID="P255_SP00061" HPOS="768" VPOS="1061" WIDTH="14"/>
						<String ID="P255_ST00072" HPOS="782" VPOS="1018" WIDTH="52" HEIGHT="32" CONTENT="the" WC="0.56" CC="570"/>
						<SP ID="P255_SP00062" HPOS="834" VPOS="1061" WIDTH="17"/>
						<String ID="P255_ST00073" HPOS="851" VPOS="1019" WIDTH="92" HEIGHT="42" CONTENT="Tapis" WC="0.66" CC="00933"/>
					</TextLine>
					<TextLine ID="P255_TL00011" HPOS="131" VPOS="1078" WIDTH="810" HEIGHT="41">
						<String ID="P255_ST00074" HPOS="131" VPOS="1081" WIDTH="78" HEIGHT="31" CONTENT="Vert" WC="0.75" CC="7011"/>
						<SP ID="P255_SP00063" HPOS="209" VPOS="1112" WIDTH="15"/>
						<String ID="P255_ST00075" HPOS="224" VPOS="1084" WIDTH="32" HEIGHT="27" CONTENT="to" WC="0.87" CC="02"/>
						<SP ID="P255_SP00064" HPOS="256" VPOS="1112" WIDTH="15"/>
						<String ID="P255_ST00076" HPOS="271" VPOS="1079" WIDTH="53" HEIGHT="32" CONTENT="the" WC="0.58" CC="470"/>
						<SP ID="P255_SP00065" HPOS="324" VPOS="1112" WIDTH="17"/>
						<String ID="P255_ST00077" HPOS="341" VPOS="1079" WIDTH="111" HEIGHT="32" CONTENT="Jardin" WC="0.77" CC="002056"/>
						<SP ID="P255_SP00066" HPOS="452" VPOS="1112" WIDTH="15"/>
						<String ID="P255_ST00078" HPOS="467" VPOS="1078" WIDTH="39" HEIGHT="32" CONTENT="du" WC="0.67" CC="06"/>
						<SP ID="P255_SP00067" HPOS="506" VPOS="1112" WIDTH="16"/>
						<String ID="P255_ST00079" HPOS="522" VPOS="1079" WIDTH="65" HEIGHT="32" CONTENT="Roi." WC="0.74" CC="6030"/>
						<SP ID="P255_SP00068" HPOS="587" VPOS="1112" WIDTH="46"/>
						<String ID="P255_ST00080" HPOS="633" VPOS="1079" WIDTH="51" HEIGHT="32" CONTENT="He" WC="0.66" CC="60"/>
						<SP ID="P255_SP00069" HPOS="684" VPOS="1112" WIDTH="12"/>
						<String ID="P255_ST00081" HPOS="696" VPOS="1090" WIDTH="62" HEIGHT="21" CONTENT="was" WC="1.00" CC="000"/>
						<SP ID="P255_SP00070" HPOS="758" VPOS="1112" WIDTH="12"/>
						<String ID="P255_ST00082" HPOS="770" VPOS="1083" WIDTH="54" HEIGHT="28" CONTENT="not" WC="0.83" CC="400"/>
						<SP ID="P255_SP00071" HPOS="824" VPOS="1112" WIDTH="14"/>
						<String ID="P255_ST00083" HPOS="838" VPOS="1079" WIDTH="86" HEIGHT="32" CONTENT="alone" WC="0.83" CC="01070"/>
						<SP ID="P255_SP00072" HPOS="924" VPOS="1112" WIDTH="11"/>
						<String ID="P255_ST00084" HPOS="935" VPOS="1092" WIDTH="6" HEIGHT="27" CONTENT=";" WC="1.00" CC="0"/>
					</TextLine>
					<TextLine ID="P255_TL00012" HPOS="132" VPOS="1139" WIDTH="811" HEIGHT="43">
						<String ID="P255_ST00085" HPOS="132" VPOS="1153" WIDTH="19" HEIGHT="20" CONTENT="a" WC="1.00" CC="0"/>
						<SP ID="P255_SP00073" HPOS="151" VPOS="1173" WIDTH="14"/>
						<String ID="P255_ST00086" HPOS="165" VPOS="1140" WIDTH="194" HEIGHT="42" CONTENT="remarkably" WC="0.70" CC="3000670750"/>
						<SP ID="P255_SP00074" HPOS="359" VPOS="1182" WIDTH="14"/>
						<String ID="P255_ST00087" HPOS="373" VPOS="1139" WIDTH="209" HEIGHT="33" CONTENT="well-dressed" WC="0.79" CC="906000502000"/>
						<SP ID="P255_SP00075" HPOS="582" VPOS="1182" WIDTH="16"/>
						<String ID="P255_ST00088" HPOS="598" VPOS="1151" WIDTH="117" HEIGHT="21" CONTENT="woman" WC="0.70" CC="01067"/>
						<SP ID="P255_SP00076" HPOS="715" VPOS="1182" WIDTH="16"/>
						<String ID="P255_ST00089" HPOS="731" VPOS="1151" WIDTH="62" HEIGHT="21" CONTENT="was" WC="0.80" CC="006"/>
						<SP ID="P255_SP00077" HPOS="793" VPOS="1182" WIDTH="15"/>
						<String ID="P255_ST00090" HPOS="808" VPOS="1140" WIDTH="135" HEIGHT="40" CONTENT="walking" WC="0.77" CC="0010670"/>
					</TextLine>
					<TextLine ID="P255_TL00013" HPOS="131" VPOS="1200" WIDTH="811" HEIGHT="44">
						<String ID="P255_ST00091" HPOS="131" VPOS="1203" WIDTH="43" HEIGHT="41" CONTENT="by" WC="1.00" CC="00" STYLEREFS="TXT_1"/>
						<SP ID="P255_SP00078" HPOS="174" VPOS="1244" WIDTH="29"/>
						<String ID="P255_ST00092" HPOS="203" VPOS="1202" WIDTH="47" HEIGHT="31" CONTENT="his" WC="0.44" CC="735" STYLEREFS="TXT_1"/>
						<SP ID="P255_SP00079" HPOS="250" VPOS="1244" WIDTH="31"/>
						<String ID="P255_ST00093" HPOS="281" VPOS="1201" WIDTH="73" HEIGHT="41" CONTENT="side," WC="0.70" CC="65002" STYLEREFS="TXT_1"/>
						<SP ID="P255_SP00080" HPOS="354" VPOS="1244" WIDTH="32"/>
						<String ID="P255_ST00094" HPOS="386" VPOS="1200" WIDTH="111" HEIGHT="33" CONTENT="attired" WC="0.66" CC="0616206" STYLEREFS="TXT_1"/>
						<SP ID="P255_SP00081" HPOS="497" VPOS="1244" WIDTH="28"/>
						<String ID="P255_ST00095" HPOS="525" VPOS="1201" WIDTH="31" HEIGHT="31" CONTENT="in" WC="0.45" CC="46" STYLEREFS="TXT_1"/>
						<SP ID="P255_SP00082" HPOS="556" VPOS="1244" WIDTH="29"/>
						<String ID="P255_ST00096" HPOS="585" VPOS="1200" WIDTH="90" HEIGHT="33" CONTENT="black" WC="0.73" CC="63003" STYLEREFS="TXT_1"/>
						<SP ID="P255_SP00083" HPOS="675" VPOS="1244" WIDTH="26"/>
						<String ID="P255_ST00097" HPOS="701" VPOS="1201" WIDTH="58" HEIGHT="32" CONTENT="silk" WC="0.79" CC="4210" STYLEREFS="TXT_1"/>
						<SP ID="P255_SP00084" HPOS="759" VPOS="1244" WIDTH="29"/>
						<String ID="P255_ST00098" HPOS="788" VPOS="1205" WIDTH="53" HEIGHT="28" CONTENT="not" WC="0.76" CC="700" STYLEREFS="TXT_1"/>
						<SP ID="P255_SP00085" HPOS="841" VPOS="1244" WIDTH="30"/>
						<String ID="P255_ST00099" HPOS="871" VPOS="1212" WIDTH="71" HEIGHT="21" CONTENT="over" WC="0.73" CC="0703" STYLEREFS="TXT_1"/>
					</TextLine>
					<TextLine ID="P255_TL00014" HPOS="130" VPOS="1261" WIDTH="812" HEIGHT="43">
						<String ID="P255_ST00100" HPOS="130" VPOS="1262" WIDTH="189" HEIGHT="42" CONTENT="bespangled" WC="0.78" CC="7030470000" STYLEREFS="TXT_1"/>
						<SP ID="P255_SP00086" HPOS="319" VPOS="1304" WIDTH="26"/>
						<String ID="P255_ST00101" HPOS="345" VPOS="1261" WIDTH="74" HEIGHT="32" CONTENT="with" WC="0.73" CC="0307" STYLEREFS="TXT_1"/>
						<SP ID="P255_SP00087" HPOS="419" VPOS="1304" WIDTH="30"/>
						<String ID="P255_ST00102" HPOS="449" VPOS="1261" WIDTH="162" HEIGHT="42" CONTENT="jet-beads," WC="0.90" CC="0000200070" STYLEREFS="TXT_1"/>
						<SP ID="P255_SP00088" HPOS="611" VPOS="1304" WIDTH="33"/>
						<String ID="P255_ST00103" HPOS="644" VPOS="1261" WIDTH="59" HEIGHT="32" CONTENT="and" WC="0.69" CC="270" STYLEREFS="TXT_1"/>
						<SP ID="P255_SP00089" HPOS="703" VPOS="1304" WIDTH="25"/>
						<String ID="P255_ST00104" HPOS="728" VPOS="1261" WIDTH="133" HEIGHT="42" CONTENT="through" WC="0.58" CC="0760607" STYLEREFS="TXT_1"/>
						<SP ID="P255_SP00090" HPOS="861" VPOS="1304" WIDTH="29"/>
						<String ID="P255_ST00105" HPOS="890" VPOS="1261" WIDTH="52" HEIGHT="32" CONTENT="the" WC="0.40" CC="674" STYLEREFS="TXT_1"/>
					</TextLine>
					<TextLine ID="P255_TL00015" HPOS="131" VPOS="1322" WIDTH="811" HEIGHT="42">
						<String ID="P255_ST00106" HPOS="131" VPOS="1324" WIDTH="122" HEIGHT="32" CONTENT="meshes" WC="0.75" CC="002705" STYLEREFS="TXT_1"/>
						<SP ID="P255_SP00091" HPOS="253" VPOS="1356" WIDTH="17"/>
						<String ID="P255_ST00107" HPOS="270" VPOS="1323" WIDTH="32" HEIGHT="31" CONTENT="of" WC="0.95" CC="00" STYLEREFS="TXT_1"/>
						<SP ID="P255_SP00092" HPOS="302" VPOS="1356" WIDTH="20"/>
						<String ID="P255_ST00108" HPOS="322" VPOS="1323" WIDTH="102" HEIGHT="31" CONTENT="whose" WC="0.77" CC="07210" STYLEREFS="TXT_1"/>
						<SP ID="P255_SP00093" HPOS="424" VPOS="1356" WIDTH="17"/>
						<String ID="P255_ST00109" HPOS="441" VPOS="1322" WIDTH="121" HEIGHT="42" CONTENT="spotted" WC="0.83" CC="5021200" STYLEREFS="TXT_1"/>
						<SP ID="P255_SP00094" HPOS="562" VPOS="1364" WIDTH="15"/>
						<String ID="P255_ST00110" HPOS="577" VPOS="1322" WIDTH="59" HEIGHT="32" CONTENT="veil" WC="0.78" CC="6010" STYLEREFS="TXT_1"/>
						<SP ID="P255_SP00095" HPOS="636" VPOS="1364" WIDTH="23"/>
						<String ID="P255_ST00111" HPOS="659" VPOS="1333" WIDTH="84" HEIGHT="21" CONTENT="came" WC="1.00" CC="0000" STYLEREFS="TXT_1"/>
						<SP ID="P255_SP00096" HPOS="743" VPOS="1364" WIDTH="21"/>
						<String ID="P255_ST00112" HPOS="764" VPOS="1322" WIDTH="50" HEIGHT="32" CONTENT="the" WC="0.65" CC="370" STYLEREFS="TXT_1"/>
						<SP ID="P255_SP00097" HPOS="814" VPOS="1364" WIDTH="18"/>
						<String ID="P255_ST00113" HPOS="832" VPOS="1322" WIDTH="110" HEIGHT="32" CONTENT="flashes" WC="0.82" CC="2200700" STYLEREFS="TXT_1"/>
					</TextLine>
					<TextLine ID="P255_TL00016" HPOS="131" VPOS="1383" WIDTH="811" HEIGHT="43">
						<String ID="P255_ST00114" HPOS="131" VPOS="1386" WIDTH="35" HEIGHT="32" CONTENT="of" WC="1.00" CC="00" STYLEREFS="TXT_1"/>
						<SP ID="P255_SP00098" HPOS="166" VPOS="1418" WIDTH="18"/>
						<String ID="P255_ST00115" HPOS="184" VPOS="1391" WIDTH="62" HEIGHT="26" CONTENT="two" WC="0.83" CC="301" STYLEREFS="TXT_1"/>
						<SP ID="P255_SP00099" HPOS="246" VPOS="1418" WIDTH="15"/>
						<String ID="P255_ST00116" HPOS="261" VPOS="1384" WIDTH="166" HEIGHT="42" CONTENT="brilliantly" WC="0.69" CC="77023006050" STYLEREFS="TXT_1"/>
						<SP ID="P255_SP00100" HPOS="427" VPOS="1426" WIDTH="15"/>
						<String ID="P255_ST00117" HPOS="442" VPOS="1383" WIDTH="89" HEIGHT="32" CONTENT="black" WC="0.84" CC="30201" STYLEREFS="TXT_1"/>
						<SP ID="P255_SP00101" HPOS="531" VPOS="1426" WIDTH="23"/>
						<String ID="P255_ST00118" HPOS="554" VPOS="1395" WIDTH="80" HEIGHT="30" CONTENT="eyes." WC="0.88" CC="00032" STYLEREFS="TXT_1"/>
						<SP ID="P255_SP00102" HPOS="634" VPOS="1426" WIDTH="47"/>
						<String ID="P255_ST00119" HPOS="681" VPOS="1383" WIDTH="65" HEIGHT="32" CONTENT="The" WC="0.75" CC="070" STYLEREFS="TXT_1"/>
						<SP ID="P255_SP00103" HPOS="746" VPOS="1426" WIDTH="23"/>
						<String ID="P255_ST00120" HPOS="769" VPOS="1383" WIDTH="64" HEIGHT="32" CONTENT="face" WC="1.00" CC="0000" STYLEREFS="TXT_1"/>
						<SP ID="P255_SP00104" HPOS="833" VPOS="1426" WIDTH="14"/>
						<String ID="P255_ST00121" HPOS="847" VPOS="1395" WIDTH="61" HEIGHT="20" CONTENT="was" WC="1.00" CC="000" STYLEREFS="TXT_1"/>
						<SP ID="P255_SP00105" HPOS="908" VPOS="1426" WIDTH="16"/>
						<String ID="P255_ST00122" HPOS="924" VPOS="1395" WIDTH="18" HEIGHT="20" CONTENT="a" WC="1.00" CC="0" STYLEREFS="TXT_1"/>
					</TextLine>
					<TextLine ID="P255_TL00017" HPOS="131" VPOS="1444" WIDTH="808" HEIGHT="42">
						<String ID="P255_ST00123" HPOS="131" VPOS="1445" WIDTH="237" HEIGHT="41" CONTENT="well-favoured," WC="0.87" CC="00000006060003" STYLEREFS="TXT_1"/>
						<SP ID="P255_SP00106" HPOS="368" VPOS="1486" WIDTH="31"/>
						<String ID="P255_ST00124" HPOS="399" VPOS="1444" WIDTH="116" HEIGHT="42" CONTENT="though" WC="0.58" CC="073607" STYLEREFS="TXT_1"/>
						<SP ID="P255_SP00107" HPOS="515" VPOS="1486" WIDTH="29"/>
						<String ID="P255_ST00125" HPOS="544" VPOS="1449" WIDTH="54" HEIGHT="27" CONTENT="not" WC="0.65" CC="703" STYLEREFS="TXT_1"/>
						<SP ID="P255_SP00108" HPOS="598" VPOS="1486" WIDTH="29"/>
						<String ID="P255_ST00126" HPOS="627" VPOS="1456" WIDTH="38" HEIGHT="19" CONTENT="an" WC="0.64" CC="07" STYLEREFS="TXT_1"/>
						<SP ID="P255_SP00109" HPOS="665" VPOS="1486" WIDTH="27"/>
						<String ID="P255_ST00127" HPOS="692" VPOS="1445" WIDTH="158" HEIGHT="41" CONTENT="agreeable" WC="0.85" CC="007000060" STYLEREFS="TXT_1"/>
						<SP ID="P255_SP00110" HPOS="850" VPOS="1486" WIDTH="24"/>
						<String ID="P255_ST00128" HPOS="874" VPOS="1457" WIDTH="65" HEIGHT="28" CONTENT="one," WC="0.74" CC="3600" STYLEREFS="TXT_1"/>
					</TextLine>
					<TextLine ID="P255_TL00018" HPOS="129" VPOS="1505" WIDTH="812" HEIGHT="43">
						<String ID="P255_ST00129" HPOS="129" VPOS="1509" WIDTH="61" HEIGHT="32" CONTENT="and" WC="0.77" CC="060" STYLEREFS="TXT_1"/>
						<SP ID="P255_SP00111" HPOS="190" VPOS="1541" WIDTH="32"/>
						<String ID="P255_ST00130" HPOS="222" VPOS="1509" WIDTH="38" HEIGHT="31" CONTENT="its" WC="0.80" CC="320" STYLEREFS="TXT_1"/>
						<SP ID="P255_SP00112" HPOS="260" VPOS="1541" WIDTH="34"/>
						<String ID="P255_ST00131" HPOS="294" VPOS="1506" WIDTH="185" HEIGHT="42" CONTENT="expression," WC="0.80" CC="06032000071" STYLEREFS="TXT_1"/>
						<SP ID="P255_SP00113" HPOS="479" VPOS="1548" WIDTH="34"/>
						<String ID="P255_ST00132" HPOS="513" VPOS="1517" WIDTH="35" HEIGHT="20" CONTENT="as" WC="0.86" CC="02" STYLEREFS="TXT_1"/>
						<SP ID="P255_SP00114" HPOS="548" VPOS="1548" WIDTH="32"/>
						<String ID="P255_ST00133" HPOS="580" VPOS="1505" WIDTH="45" HEIGHT="31" CONTENT="far" WC="1.00" CC="000" STYLEREFS="TXT_1"/>
						<SP ID="P255_SP00115" HPOS="625" VPOS="1548" WIDTH="34"/>
						<String ID="P255_ST00134" HPOS="659" VPOS="1517" WIDTH="33" HEIGHT="20" CONTENT="as" WC="0.56" CC="52" STYLEREFS="TXT_1"/>
						<SP ID="P255_SP00116" HPOS="692" VPOS="1548" WIDTH="33"/>
						<String ID="P255_ST00135" HPOS="725" VPOS="1506" WIDTH="23" HEIGHT="31" CONTENT="it" WC="0.83" CC="30" STYLEREFS="TXT_1"/>
						<SP ID="P255_SP00117" HPOS="748" VPOS="1548" WIDTH="33"/>
						<String ID="P255_ST00136" HPOS="781" VPOS="1506" WIDTH="88" HEIGHT="31" CONTENT="could" WC="0.78" CC="00640" STYLEREFS="TXT_1"/>
						<SP ID="P255_SP00118" HPOS="869" VPOS="1548" WIDTH="33"/>
						<String ID="P255_ST00137" HPOS="902" VPOS="1506" WIDTH="39" HEIGHT="32" CONTENT="be" WC="0.64" CC="70" STYLEREFS="TXT_1"/>
					</TextLine>
				</TextBlock>
				<TextBlock ID="P255_TB00004" HPOS="817" VPOS="1568" WIDTH="42" HEIGHT="20" STYLEREFS="TXT_1 PAR_RIGHT">
					<TextLine ID="P255_TL00019" HPOS="818" VPOS="1569" WIDTH="41" HEIGHT="19">
						<String ID="P255_ST00138" HPOS="818" VPOS="1573" WIDTH="16" HEIGHT="15" CONTENT="R" WC="0.27" CC="7"/>
						<SP ID="P255_SP00119" HPOS="834" VPOS="1588" WIDTH="14"/>
						<String ID="P255_ST00139" HPOS="848" VPOS="1569" WIDTH="11" HEIGHT="19" CONTENT="2" WC="0.64" CC="3"/>
					</TextLine>
				</TextBlock>
			</PrintSpace>
		</Page>
	</Layout>
</alto>
