1090 1740
132 93 54 26 158

367 99 82 20 LOVE
472 98 64 21 THE
559 96 162 23 AVENGER.

134 180 103 28 centre
276 176 39 31 he
347 176 62 31 had
439 175 119 33 desired
591 186 63 20 was
685 171 104 33 found.
837 172 46 31 To
914 170 49 32 his

133 237 83 34 hotel
232 237 31 32 in
278 237 52 33 the
347 237 67 32 Rue
431 237 37 32 de
646 248 97 29 every
759 246 74 20 man
850 233 34 32 of
900 245 61 30 any

135 311 90 20 name
254 310 33 21 or
314 298 172 33 distinction
513 298 28 32 in
568 298 119 32 France
713 309 88 20 came
825 295 116 42 readily
954 309 6 27 ;

134 361 46 32 his
206 360 124 32 dinners
354 372 83 20 were
457 360 84 32 what
558 372 83 20 some
657 359 60 33 feAv
731 370 75 31 very
823 358 50 32 old
889 369 72 20 men

133 435 114 30 among
271 423 47 32 his
345 427 106 37 guests
478 422 65 32 said
568 421 212 43 Talleyrand's
801 420 61 32 had
884 420 77 32 used

133 490 32 27 to
188 485 48 40 be,
254 485 61 31 and
335 485 142 31 Madame
497 484 149 32 Claudine
672 494 63 20 was
757 481 147 43 accepted
926 492 34 21 as

133 547 52 31 the
204 546 157 42 presiding
382 546 82 42 deity
480 546 34 31 of
532 546 54 31 the
609 545 165 41 Marquis's
790 544 82 32 table
898 543 60 32 and

132 607 176 41 household,
326 607 74 32 with
425 607 39 32 all
491 607 53 33 the
561 607 137 32 outward
720 606 192 32 semblances
929 605 34 32 of

133 669 187 41 unflinching
342 673 127 37 respect.

176 729 156 33 Claudine'
337 741 14 20 s
372 729 91 32 home
480 729 59 31 and
555 729 91 31 mode
663 729 34 31 of
715 729 52 31 life
790 740 80 20 were
888 740 70 20 aus-

133 795 73 36 tere,
224 790 207 41 exceedingly.
479 790 45 32 Of
542 801 130 29 women,
690 802 79 20 none
786 801 81 21 were
884 801 73 21 ever

133 851 116 32 invited
271 856 32 27 to
329 850 51 32 the
396 850 95 33 Hotel
515 850 37 32 de
569 851 175 41 Moranges,
762 862 56 20 nor
834 850 52 32 did
903 850 54 32 she

133 913 92 31 know
251 911 86 33 other
353 911 75 32 than
451 911 41 42 by
512 922 91 21 name
626 911 53 33 the
702 911 66 33 frail
792 911 169 42 goddesses

134 973 34 32 of
193 972 68 33 that
291 972 116 43 impure
439 972 160 43 Olympus,
633 977 31 28 at
695 973 53 32 the
780 972 126 33 summit
930 972 33 32 of

135 1034 98 32 which
250 1034 54 32 she
320 1045 64 21 Avas
399 1033 120 33 herself
530 1033 110 43 placed
656 1034 30 32 in
703 1034 104 42 public
824 1033 133 43 opinion.

177 1095 149 33 Claudine
340 1107 62 19 was
416 1107 32 19 so
465 1099 133 37 content,
611 1096 173 41 materially
795 1096 163 41 speaking,

135 1170 32 20 so
183 1158 55 31 full
263 1158 34 31 of
319 1158 123 31 wonder
468 1158 60 30 still
552 1161 33 27 at
605 1157 52 32 the
674 1158 155 40 grandeur
853 1158 34 31 of
905 1158 56 32 her

134 1219 140 42 position,
297 1218 68 31 that
390 1218 53 31 she
468 1218 62 31 had
554 1217 61 32 had
641 1230 39 19 no
709 1219 197 42 opportunity
932 1219 33 32 of

134 1279 144 41 knoAving
307 1278 138 32 Avhether
475 1278 73 31 time
580 1278 85 42 hung
688 1278 122 42 heavily
838 1291 38 20 on
906 1279 56 32 her

135 1339 97 32 hands
246 1353 6 27 ;
277 1339 55 32 she
354 1339 70 41 had,
456 1351 33 19 as
513 1343 60 37 yet,
602 1351 39 19 no
668 1340 232 32 consciousness
932 1340 33 32 of

136 1402 101 31 ennui.
285 1401 67 32 One
383 1400 180 32 unsatisfied
587 1400 100 33 desire
713 1401 153 33 Claudine
889 1402 70 41 had,

135 1463 99 31 which
253 1462 56 32 has
327 1463 77 31 been
430 1462 123 41 already
569 1463 177 32 mentioned
757 1477 6 27 ;
789 1463 53 32 she
861 1464 100 32 would

136 1524 77 32 have
243 1524 82 32 liked
354 1536 83 20 more
470 1524 94 33 show.
625 1524 32 32 If
691 1524 53 33 she
774 1524 61 33 had
867 1525 94 32 dared
