1090 1740
879 116 54 25 213

384 118 121 22 EASTER
528 120 134 21 SUNDAY.

115 194 73 32 And
215 195 70 33 God
312 195 107 33 knows
444 197 69 32 how
539 198 93 32 brave
657 199 73 41 they
757 210 60 29 are,
845 199 88 32 those

115 267 77 31 poor
207 268 120 21 Avomen
338 259 7 30 !
370 258 60 31 and
453 258 70 31 how
541 259 73 41 they
630 260 137 41 struggle
783 260 61 31 and
866 260 70 32 hoAv

116 317 74 43 they
214 318 54 32 toil
280 332 6 27 ;
310 318 60 32 and
393 318 78 41 how,
498 320 31 30 in
555 320 52 31 the
635 321 92 31 midst
751 321 33 31 of
802 322 40 30 all
858 321 79 32 their

116 389 71 21 own
211 378 170 41 life-battle,
408 379 75 43 they
499 381 135 31 contrive
658 386 32 27 to
709 382 58 31 feel
791 382 46 32 for
859 382 80 32 their

119 439 152 32 wounded
301 440 168 41 comrades,
501 441 60 31 and
590 446 72 27 turn
691 443 83 31 aside
804 448 32 27 to
867 443 71 42 help

118 500 94 33 them.
259 501 72 31 And
358 513 42 29 so,
426 506 60 36 too,
507 513 34 20 as
563 514 61 29 you
647 508 107 27 mount
769 504 76 31 from
861 504 79 32 class

120 568 32 26 to
179 562 79 32 class
286 562 34 31 of
337 562 52 32 the
415 562 93 32 social
535 563 90 41 scale,
643 564 31 30 in
698 576 91 30 every
811 565 127 32 division

120 635 62 31 you
208 627 82 28 meet
316 623 108 31 labour
453 623 166 42 cheerfully
650 625 198 41 undertaken,
880 626 60 32 and

121 685 128 41 charity.
297 684 138 42 Perhaps
450 685 52 31 the
519 685 122 41 portion
658 686 34 31 of
711 687 114 42 society
840 687 99 33 which

121 747 37 40 is,
180 747 33 31 in
236 746 54 32 the
315 746 91 31 latter
431 751 130 36 respect,
587 747 77 31 least
688 747 128 43 Avorthy,
841 748 26 32 is
891 749 52 32 the

124 809 113 32 middle
262 808 88 33 class.
409 808 44 33 Of
482 808 53 32 the
561 808 108 42 higher
693 810 59 31 and
775 810 52 32 the
851 811 93 31 lower

125 871 113 31 classes
265 869 87 32 there
380 880 56 21 can
460 869 38 31 be
523 880 40 20 no
590 869 95 31 doubt
707 869 75 42 they
798 869 38 32 do
861 882 83 20 more

125 931 77 32 than
215 930 81 32 their
312 930 85 41 duty.
443 929 70 39 But,
530 929 32 31 in
578 929 88 31 order
680 934 32 26 to
725 934 78 28 state
817 935 128 27 matters

127 992 98 42 fairly,
253 991 43 32 let
319 990 23 32 it
368 990 38 32 be
431 990 64 32 said
519 990 67 31 that
613 990 30 31 in
668 990 54 32 the
746 1002 69 21 case
842 990 33 33 of
893 991 52 32 the

127 1065 98 31 upper
255 1052 112 32 classes
397 1051 61 32 this
488 1051 56 31 has
574 1062 19 20 a
622 1062 107 21 reason
741 1065 6 19 :
782 1051 74 43 they
885 1064 59 29 are,

128 1112 252 44 retrospectively
397 1123 34 21 as
455 1112 23 32 it
497 1123 88 29 were,
602 1123 40 21 on
663 1112 79 32 their
765 1113 181 41 promotion,

129 1177 80 32 their
225 1175 100 42 object
348 1174 25 32 is
397 1178 33 27 to
452 1184 94 31 prove
564 1173 42 41 by
621 1178 122 37 present
766 1173 116 33 deserts
897 1173 51 33 the

130 1236 141 43 injustice
297 1234 34 32 of
349 1234 53 32 the
427 1233 82 32 Past.
557 1233 59 31 Let
641 1233 66 32 that
730 1233 46 36 be,
792 1233 53 32 the
869 1234 80 41 good

131 1299 79 31 done
235 1297 24 31 is
287 1306 171 28 enormous,
476 1294 59 31 and
561 1294 74 31 such
662 1305 34 20 as
721 1294 85 31 other
829 1294 121 32 nations

132 1360 79 31 have
236 1358 55 30 but
321 1368 19 20 a
366 1355 89 33 small
479 1355 104 31 notion
611 1354 36 32 of.
706 1354 150 32 Whether
884 1355 67 32 that

131 1419 83 43 good
229 1417 100 43 might
351 1417 38 32 be
408 1427 83 21 more
508 1415 104 42 wisely
628 1415 78 32 done
728 1415 25 31 is
770 1426 18 20 a
804 1415 147 41 question,

132 1483 56 32 but
211 1480 26 32 if
254 1480 25 31 it
300 1478 100 42 might
418 1479 45 39 be,
489 1477 24 32 it
528 1476 157 42 assuredly
700 1476 60 31 will
775 1476 47 41 be,
839 1476 46 32 for
900 1476 51 33 the

131 1548 90 37 great
236 1540 99 33 wheel
352 1539 34 33 of
397 1539 221 32 advancement
634 1542 109 28 cannot
764 1537 37 33 be
818 1538 133 43 stopped.
