1090 1740
408 442 204 32 CHAPTER
635 441 70 33 XV.

420 540 119 21 EASTER
562 540 134 21 SUNDAY.

190 615 72 32 You
287 621 83 27 must
390 620 54 28 not
468 616 71 32 take
561 628 18 19 a
594 615 75 32 false
690 614 69 32 idea
775 614 35 32 of
828 613 147 33 Madame

148 675 37 33 de
201 676 192 32 Beauvoisin.
442 677 61 32 She
528 688 64 19 was
616 681 55 27 not
695 676 42 42 by
756 688 61 30 any
832 687 106 20 means
955 686 18 21 a

149 737 193 32 sentimental
365 749 119 30 person.
533 737 61 32 She
613 748 74 29 was,
706 748 33 20 as
760 737 15 31 I
800 736 79 33 have
896 736 77 41 said,

148 799 125 41 healthy
288 799 32 30 in
335 799 81 41 body
432 799 61 31 and
508 799 95 40 mind,
621 799 55 31 she
699 799 61 32 had
782 799 70 32 that
867 799 109 32 cheer-

149 861 44 31 ful
209 865 118 37 temper
342 860 99 32 which
460 861 26 31 is
502 860 53 32 the
578 860 97 32 result
699 861 35 31 of
751 861 60 32 this
834 861 141 42 physical

149 922 60 31 and
224 922 117 31 mental
357 922 201 41 equilibrium,
578 922 59 31 and
661 922 54 32 she
731 933 64 21 was
814 933 162 21 moreover

149 983 192 43 perpetually
357 983 155 43 occupied.

193 1046 100 32 There
309 1045 56 32 lies
381 1057 57 20 one
455 1045 35 32 of
507 1045 52 32 the
576 1044 84 33 chief
679 1057 123 20 sources
826 1045 35 32 of
878 1045 99 32 what-

149 1120 72 21 ever
236 1108 26 31 is
276 1107 69 32 best
361 1107 30 31 in
408 1108 117 31 France
537 1121 7 27 ;
565 1107 53 32 the
635 1112 143 27 constant
795 1107 181 43 occupation

152 1169 35 32 of
204 1168 52 32 the
271 1180 120 20 Avomen
407 1168 189 41 throughout
611 1168 53 32 the
684 1173 139 37 country.
872 1168 105 32 Inside

150 1230 53 32 the
218 1230 130 31 barriers
364 1229 100 33 which
486 1229 114 32 inclose
616 1229 85 32 what
721 1230 25 31 is
770 1229 119 32 termed
905 1241 74 21 con-

153 1290 125 33 stituted
303 1291 122 42 society,
443 1302 60 31 you
527 1291 61 31 will
613 1291 138 42 scarcely
766 1291 64 31 find
854 1303 40 19 an
917 1290 61 32 idle

152 1364 128 21 woman.
327 1353 37 31 In
380 1353 52 32 the
448 1353 94 32 lower
556 1353 102 41 ranks,
677 1364 131 31 courage
832 1353 32 32 in
883 1353 54 32 toil
953 1353 26 32 is

154 1425 18 21 a
187 1414 139 42 frequent
342 1414 60 32 and
427 1426 18 20 a
466 1426 95 21 never
583 1414 198 43 disregarded
796 1414 108 42 virtue,
917 1414 62 33 and

154 1486 60 30 you
230 1487 57 21 can
303 1475 102 33 award
421 1487 18 21 a
454 1476 206 32 workwoman
683 1488 40 20 no
745 1476 112 43 higher
880 1476 99 43 praise

155 1536 74 32 than
260 1542 32 27 to
320 1549 55 30 say
401 1537 67 32 that
499 1537 54 33 she
580 1539 26 31 is
631 1538 94 32 brave
753 1542 32 27 at
809 1538 56 33 her
880 1540 99 33 work.
