1090 1740
142 109 51 25 228

370 115 84 20 LOVE
477 114 64 20 THE
563 111 162 22 AVENGER.

142 191 38 32 he
206 192 73 40 said,
308 195 105 28 meant
439 190 90 31 those
553 187 70 33 who
651 186 61 32 had
741 183 140 42 nothing,
909 180 60 34 and

143 265 79 20 were
237 253 140 40 nothing.
425 251 50 31 He
492 247 199 45 represented
706 247 53 32 the
775 246 152 42 Emperor
937 255 32 21 as

143 326 18 20 a
184 315 142 39 socialist,
356 326 19 19 a
405 314 197 38 Freemason,
629 310 61 33 and
713 321 19 20 a
754 309 63 32 free
836 307 133 40 thinker,

143 376 60 32 and
230 375 113 42 quoted
370 379 83 27 texts
477 374 42 41 by
535 373 51 31 the
613 372 78 32 hour
715 371 78 32 from
818 370 54 32 the
894 369 75 31 Em-

142 438 116 42 peror's
275 448 67 21 own
358 437 138 41 writings
519 436 32 30 in
571 433 93 44 proof
676 433 33 32 of
723 433 48 31 his
784 431 165 33 assertions
961 444 8 27 ;

143 499 61 32 and
220 498 89 33 when
331 498 25 32 it
371 509 65 21 was
458 496 164 33 rumoured
645 496 68 31 that
735 495 38 31 he
790 498 96 28 wrote
902 492 32 33 in
950 504 19 21 a

143 571 181 31 newspaper
340 559 133 32 devoted
487 564 32 27 to
543 558 53 33 the
614 557 206 43 propagation
837 555 34 32 of
883 555 86 31 athe-

143 622 96 31 istical
265 621 163 41 doctrines,
454 621 38 31 he
521 620 50 32 did
592 625 55 27 not
671 619 80 42 deny
763 619 33 31 it.
844 617 76 32 This
944 617 24 31 it

143 694 63 20 was
233 682 110 41 which,
372 694 33 20 as
432 694 47 20 we
506 681 78 32 shall
612 692 50 21 see
689 680 187 42 by-and-by,
902 679 67 31 first

143 745 133 40 brought
298 745 43 31 M.
359 743 170 42 Theophile
552 743 63 31 into
631 742 53 32 the
709 741 109 43 sphere
834 741 134 32 wherein

143 807 111 32 moved
292 807 53 31 the
386 807 171 41 faultlessly
587 805 151 32 educated
768 816 55 20 son
855 804 34 32 of
914 803 54 32 the

143 868 154 39 DoAvager
313 868 37 32 de
365 867 196 32 Beauvoisin.

189 928 116 34 Olivier
334 928 36 33 de
402 928 184 33 Beauvoisin
616 927 131 42 rejoiced
778 927 31 31 in
839 938 17 20 a
886 931 83 27 tutor

144 990 101 32 whom
281 990 47 32 his
369 990 121 32 mother
528 989 62 33 had
620 989 113 33 chosen
763 989 47 32 for
840 989 65 31 him
935 1000 34 20 as

144 1051 197 43 particularly
368 1051 71 32 safe.
485 1050 74 32 This
587 1062 63 21 Avas
681 1062 19 20 a
730 1050 117 32 certain
877 1050 89 32 Abbe*

145 1111 150 40 Lannion,
323 1116 54 28 not
401 1123 18 21 a
443 1111 60 33 bad
523 1123 73 20 man
618 1111 43 43 by
687 1123 62 30 any
772 1122 116 29 means,
914 1111 55 33 but

145 1173 103 32 rather
267 1172 119 32 zealous
409 1172 76 32 than
508 1172 82 41 wise,
609 1172 61 33 and
694 1172 144 42 deeming
861 1184 105 31 every-

144 1234 89 41 thing
260 1233 159 32 allowable
443 1233 67 32 that
536 1245 65 20 was
624 1233 193 33 undertaken
843 1233 47 33 for
916 1233 53 33 the

145 1295 88 42 glory
248 1294 33 32 of
292 1294 52 32 the
361 1294 121 32 church.
530 1294 80 32 Noav
625 1295 25 32 it
659 1308 63 19 Avas
738 1296 95 31 borne
844 1296 32 31 in
886 1308 83 30 upon

144 1355 52 32 the
211 1355 120 42 worthy
346 1355 117 32 Abbe's
485 1355 84 32 mind
591 1355 68 32 that
674 1356 39 31 he
738 1361 83 26 must
843 1361 126 27 convert

146 1416 167 41 Theophile
330 1416 191 40 Mardonnet,
540 1416 60 32 and
621 1420 31 28 to
671 1416 61 32 this
749 1417 86 31 Avork
852 1417 35 31 of
898 1428 71 20 con-

146 1477 118 32 version
282 1477 38 31 he
347 1477 195 42 accordingly
565 1482 45 27 set
623 1491 6 18 :
656 1479 139 41 secretly,
817 1479 56 31 but
894 1479 75 31 with

147 1537 86 32 tooth
260 1538 59 31 and
348 1538 68 31 nail.
474 1538 66 31 The
568 1539 152 40 DoAvager
751 1552 72 27 Avas,
857 1553 34 19 as
922 1553 47 19 Ave
