1090 1740
165 132 52 27 262

394 140 82 20 LOVE
499 139 63 21 THE
585 138 161 22 AVENGER.

167 217 61 33 She
254 228 64 21 was
348 222 54 27 not
433 229 18 20 a
481 217 45 32 bit
556 217 53 32 the
640 216 90 32 wiser
760 214 46 33 for
838 214 152 43 anything

164 278 64 33 told
244 283 31 28 to
292 278 54 33 her
363 279 39 42 by
418 278 117 33 Olivier
545 291 8 28 ;
578 277 69 42 and,
666 277 116 39 indeed,
805 281 32 28 at
858 276 53 32 the
931 275 59 33 end

164 338 35 32 of
209 350 19 20 a
243 350 75 30 very
335 338 84 33 short
434 338 83 41 time,
536 338 117 33 Olivier
677 337 110 33 ceased
809 336 108 42 telling
935 336 55 32 her

164 399 150 43 anything
338 404 32 28 at
394 400 49 32 all.
490 399 99 33 There
615 411 73 29 Avas,
716 410 39 21 on
779 399 52 32 the
860 398 127 41 surface,

163 461 129 43 nothing
306 466 31 28 to
353 462 54 32 tell
420 476 6 28 ;
445 474 46 20 we
506 474 72 30 may
595 462 63 41 ask,
675 473 63 20 was
754 461 87 32 there
858 460 131 43 nothing

163 523 131 32 beneath
304 526 14 31 ?
345 524 54 32 but
414 524 53 32 the
487 525 153 41 Dowager
656 524 51 31 did
722 528 55 27 not
793 523 39 32 do
849 535 33 20 so
895 537 7 28 ;
927 523 61 32 and

163 587 53 32 she
239 599 63 21 Avas
327 592 32 28 at
384 588 53 32 her
458 587 80 33 wit's
562 587 68 42 end,
658 587 59 33 and
743 587 50 32 did
818 591 54 28 not
897 586 90 31 knoAV

163 647 100 33 whom
279 653 31 27 to
326 649 94 41 apply
435 653 33 27 to
483 648 45 32 for
544 648 57 33 aid.

239 710 31 31 Is
300 710 68 31 that
398 722 119 19 Avoman
549 709 145 32 attached
723 714 32 27 to
787 708 62 32 him
862 710 14 31 ?
931 708 55 32 she

164 770 138 42 inquired
346 782 58 20 one
449 771 58 42 day
550 770 33 32 of
627 771 102 31 Count
775 770 129 42 Dupont
949 769 37 33 de

164 831 142 41 Laporte.

241 892 61 32 She
319 892 119 31 doesn't
588 892 114 42 replied
718 892 137 42 Dupont,
873 890 75 33 with
970 903 18 20 a

165 953 85 31 smile
262 966 7 28 ;
323 953 59 31 and
398 953 149 33 therefore
563 954 15 31 I
595 965 49 20 am
661 952 171 33 somewhat
847 952 141 32 troubled

163 1018 30 27 to

240 1076 69 31 You
327 1076 91 41 don't,
444 1076 46 32 for
512 1088 18 20 a
552 1081 147 36 moment,
716 1076 90 43 fancy
822 1077 69 32 that
907 1077 39 32 he
962 1077 24 32 is

164 1137 142 32 attached
322 1142 31 27 to
368 1138 63 40 her,
450 1138 37 32 do
644 1139 181 40 demanded,
850 1139 136 42 sharply,

164 1198 52 32 the
231 1199 160 40 Dowager.

208 1260 102 32 Count
335 1260 127 42 Dupont
486 1260 81 32 fixed
589 1272 18 21 a
628 1261 146 43 meaning
799 1262 110 42 glance
933 1262 54 32 full

164 1332 82 31 upon
261 1321 52 32 the
331 1321 181 42 questioner,
530 1322 59 32 and
606 1322 73 41 said,
683 1343 43 3 —

243 1382 142 32 Madame
415 1382 30 32 la
474 1383 165 43 Marquise,
668 1385 61 32 this
756 1385 55 33 lies
842 1398 84 21 more
958 1387 30 32 in

164 1453 76 30 your
256 1442 122 32 domain
392 1442 76 33 than
483 1443 31 33 in
529 1445 82 32 mine
624 1459 5 18 :
655 1445 78 33 have
755 1458 60 30 you
838 1459 73 21 ever
926 1448 62 32 had

164 1514 89 21 cause
276 1509 32 27 to
332 1516 131 31 suppose
486 1505 69 33 that
578 1507 41 32 M.
645 1508 37 32 de
707 1509 167 42 Moranges
898 1510 89 32 could

163 1564 103 32 attach
282 1565 125 32 himself
418 1571 31 26 to
465 1578 61 29 any
543 1579 56 20 one
611 1569 14 31 ?
