1090 1740
403 104 41 21 LA
466 104 170 21 TRAVIATA.

878 102 51 25 131

155 179 67 32 The
239 179 118 32 curtain
373 179 80 32 drew
470 192 41 28 up
527 180 46 32 for
588 181 52 32 the
656 181 58 33 last
729 187 55 27 act.

276 253 37 19 us
339 245 52 37 get
415 241 78 31 back
519 246 32 27 to
576 253 54 21 our
794 243 64 32 said
881 244 52 32 the

110 303 178 33 fair-haired
304 303 102 43 youth,
423 303 127 33 anxious
573 309 31 27 to
628 305 63 33 lose
713 311 54 27 not
782 318 19 20 a
817 311 70 27 note
905 306 31 32 of

114 364 49 32 his
179 364 101 32 divine
295 364 98 41 prima
409 364 110 33 donna.

190 426 66 32 The
271 426 54 31 red
340 438 106 20 mouse
464 427 26 31 is
514 427 53 32 the
584 427 68 42 sign
668 428 34 31 of
718 428 52 32 the

115 487 142 32 declared
284 487 101 32 Count
408 488 137 41 Dupont,
568 500 34 20 as
624 489 39 31 he
686 490 89 31 made
798 501 69 30 way
889 490 44 32 for

117 549 42 31 M.
177 550 36 30 de
229 549 164 41 Moranges
409 554 33 27 to
458 561 79 29 pass.

192 611 73 31 And
279 611 86 31 there
387 610 27 32 is
437 623 39 19 no
492 611 146 32 Traviata
661 611 129 32 without
812 611 53 32 the
880 611 54 32 red

282 673 99 32 added
406 673 53 31 the
485 673 90 31 latter
602 684 33 20 as
656 673 38 31 he
717 673 54 31 left
792 673 51 32 the
866 673 68 39 box,

117 733 61 33 and
200 733 109 32 bowed
331 733 196 42 respectfully
542 739 32 26 to
597 733 49 32 his
668 733 94 41 niece,
779 733 61 33 and
862 733 73 32 with

118 806 19 21 a
167 794 122 33 curious
321 794 176 42 expression
527 794 34 32 of
587 799 206 28 countenance
823 800 32 26 to
884 794 51 32 the

121 855 159 32 Duchesse
297 855 36 31 de
349 855 167 39 Varignan.

164 976 100 33 There
291 987 63 21 was
380 987 49 21 ere
454 976 73 41 long
550 987 19 20 a
591 981 88 36 great
702 976 101 32 croAvd
826 987 39 20 on
888 976 51 31 the

122 1038 146 32 staircase
299 1037 60 33 and
398 1037 30 31 in
467 1037 52 32 the
554 1037 158 40 vestibule,
745 1037 58 32 and
833 1037 107 42 people

119 1099 106 33 talked
249 1099 74 32 with
348 1098 76 33 each
445 1098 86 32 other
552 1109 33 21 as
608 1098 30 31 in
662 1109 18 21 a
703 1098 237 41 draAving-room

122 1162 90 31 while
244 1160 127 42 waiting
408 1158 45 33 for
489 1158 80 33 their
607 1158 158 42 carriages.
821 1158 52 32 All
910 1163 30 27 at

124 1235 84 26 once,
210 1241 44 4 —

304 1282 26 31 is
354 1281 54 32 she
572 1280 95 33 asked
690 1292 17 21 a
729 1280 86 32 voice
838 1280 30 31 in
890 1280 51 31 the

122 1357 100 31 group
254 1344 34 32 of
312 1355 71 19 men
423 1342 80 32 close
542 1346 30 28 to
603 1341 100 33 where
734 1341 141 32 Madame
906 1341 35 32 de

123 1407 161 41 Varignan
311 1405 61 32 and
404 1404 143 32 Madame
579 1404 37 32 de
646 1403 186 32 Beauvoisin
862 1413 79 22 were

122 1468 155 40 standing.

299 1528 49 32 old
594 1537 62 21 was
672 1525 52 33 the
740 1525 92 41 reply.

817 1592 16 14 K
849 1586 11 20 2
