1090 1740
195 102 55 26 142

429 108 83 20 LOVE
535 107 65 21 THE
622 104 162 23 AVENGER.

197 191 204 36 cumstances,
430 186 25 31 it
481 185 25 32 is
536 188 75 29 next
640 188 32 28 to
704 180 178 44 impossible
914 178 67 33 that
1013 189 17 20 a

197 248 110 33 mortal
333 247 108 34 should
471 247 39 32 be
540 246 98 32 whole
652 259 6 27 ;
691 248 52 39 yet
770 242 162 43 Integrity,
967 240 62 32 for-

198 311 97 41 sooth,
324 310 24 31 is
374 308 82 33 what
487 320 46 21 we
562 307 198 44 imperiously
785 303 133 34 demand
949 303 80 33 from

197 370 233 32 miscellaneous
461 369 134 40 mortals,
623 373 55 27 not
706 379 58 20 one
793 365 33 32 of
852 364 103 32 whom
982 374 48 21 re-

199 432 131 31 sembles
346 432 47 31 his
412 431 108 32 felloAv.

241 495 60 31 We
316 494 100 40 know,
434 493 31 31 in
481 492 115 43 reality,
615 491 34 32 of
669 502 40 21 no
727 489 201 43 temptations
953 498 74 21 save

197 557 88 32 those
301 568 45 20 we
370 557 79 30 have
476 554 120 43 yielded
619 558 42 36 to,
687 565 34 20 or
743 551 176 33 withstood.
967 550 60 32 We

197 618 93 31 knoAV
306 616 82 34 what
404 617 55 31 has
475 615 139 43 tempted
626 627 36 19 us
665 634 41 3 —
707 614 130 42 nothing
853 623 95 30 more,
968 611 59 33 and

197 678 171 42 thereupon
387 689 46 21 we
451 678 105 41 judge.
604 676 60 32 We
687 676 91 31 knoAV
801 675 69 42 pigs
894 686 53 20 are
972 678 55 27 not

198 739 138 42 tempted
359 739 42 41 by
416 739 109 42 pearls,
552 739 56 31 but
624 749 46 20 we
688 737 87 31 don't
793 736 48 32 for
855 736 69 31 that
939 734 88 33 think

197 800 54 33 the
269 800 110 42 higher
402 800 35 32 of
457 800 52 32 the
528 800 69 42 pigs
611 812 6 27 ;
650 798 60 33 and
726 810 47 20 we
799 798 38 32 do
861 797 91 32 think
975 797 52 32 the

197 863 111 41 higher
324 862 33 32 of
369 862 155 31 ourselves
540 861 132 32 because
688 872 46 20 Ave
751 871 51 21 are
818 864 55 27 not
888 858 139 43 tempted

199 924 42 41 by
270 924 154 41 garbage;
456 922 101 33 which
599 923 25 31 is
665 921 109 33 foolish
813 921 62 33 and
913 921 112 42 unjust.

199 984 97 31 What
320 984 26 31 is
362 984 97 31 above
476 995 34 20 or
525 983 108 41 beloAV,
652 995 33 20 or
701 983 31 31 in
749 995 61 30 any
821 993 68 32 way
906 982 121 43 beyond

199 1057 45 29 us,
263 1057 124 30 escapes
403 1057 44 20 us.
504 1045 60 31 We
580 1045 119 31 neither
724 1045 60 31 like
808 1049 31 27 to
863 1044 118 32 believe
997 1044 30 32 in

199 1106 53 32 the
278 1106 167 42 exceeding
469 1106 103 42 purity
589 1105 101 34 which
714 1106 71 31 Evil
810 1110 129 28 attracts
964 1110 62 37 not,

200 1180 77 20 even
293 1168 135 41 through
443 1168 51 31 the
510 1168 134 32 medium
661 1168 34 31 of
718 1168 147 41 curiosity
879 1181 6 28 ;
917 1180 57 20 nor
990 1168 37 32 do

202 1241 45 20 we
260 1229 110 32 choose
386 1234 32 27 to
433 1230 159 41 recognise
611 1230 54 31 the
680 1230 76 31 total
766 1230 261 32 defencelessness

201 1291 34 32 of
251 1291 87 32 those
359 1290 70 32 who
450 1291 80 32 have
550 1291 132 42 literally
703 1291 106 32 Avithin
833 1291 81 32 their
934 1303 93 32 grasp

199 1357 57 28 not
272 1364 57 21 one
346 1352 98 40 single
461 1364 66 20 arm
542 1352 179 33 wherewith
737 1357 32 28 to
785 1353 91 32 resist
893 1353 70 33 evil.

245 1414 62 42 Try
324 1418 32 28 to
372 1414 88 32 catch
476 1425 19 21 a
504 1413 69 43 pike
587 1414 74 32 Avith
677 1414 69 32 that
763 1415 146 31 diamond
926 1427 100 20 crown

202 1494 40 4 —
243 1475 103 32 before
357 1475 101 32 which
470 1476 15 31 I
496 1476 109 31 should
620 1476 131 32 tremble
764 1476 46 32 for
821 1477 51 32 the
884 1477 145 42 integrity

201 1536 34 32 of
247 1549 54 19 our
317 1538 97 32 friend
429 1538 53 32 the
492 1538 212 32 Marchioness
705 1558 44 4 —
749 1538 39 32 he
805 1551 107 30 passes
929 1539 24 33 it
969 1539 42 42 by
1022 1553 7 28 ;
