1090 1740
386 441 204 33 CHAPTER
615 443 82 31 XIV.

486 538 121 21 CLAIRE.

178 612 75 31 And
270 612 89 32 while
382 613 41 31 all
447 613 85 33 these
556 614 105 42 things
677 626 79 20 were
778 614 175 43 happening

134 673 116 32 around
276 674 63 39 her,
357 674 70 32 how
449 686 64 21 was
540 675 23 32 it
586 675 75 32 with
675 675 53 32 the
751 688 104 30 young
870 677 83 31 Mar-

134 734 86 42 quise
248 734 37 33 de
302 735 185 32 Beauvoisin
499 738 14 30 ?
557 736 82 32 How
654 736 61 32 had
738 737 24 31 it
787 737 77 32 been
880 737 73 32 with

136 796 110 40 Claire,
259 796 84 32 since
356 796 55 32 she
422 797 196 42 deliberately
628 798 117 41 obeyed
756 798 54 32 her
821 804 129 36 parents,

134 857 158 42 marrying
304 857 198 42 deliberately
513 858 52 31 the
580 870 73 20 man
670 859 53 31 she
736 859 51 31 did
801 864 55 27 not
871 860 59 31 like
940 861 13 31 ?

179 918 67 32 The
270 918 96 32 world
388 919 103 31 would
516 919 80 32 have
618 919 66 32 told
712 932 60 29 you
795 920 54 32 she
871 921 83 31 fared

136 979 184 42 excellently
336 978 76 41 well,
430 979 61 32 and
513 990 63 21 was
599 979 84 32 what
704 980 24 31 it
743 980 24 31 is
785 981 123 41 pleased
923 986 31 27 to

136 1041 58 32 call
210 1041 112 42 happy.
370 1040 109 41 Claire,
496 1040 32 32 in
543 1041 56 31 her
614 1046 98 27 secret
734 1041 72 41 soul,
824 1042 130 41 thought

135 1102 70 32 hers
228 1114 18 19 a
269 1101 75 33 hard
375 1101 51 41 lot,
451 1101 61 31 and
541 1113 33 19 so
604 1102 130 41 perhaps
756 1103 23 31 it
805 1115 71 28 was,
900 1103 54 31 but

135 1163 93 32 much
249 1163 60 32 less
336 1162 76 32 hard
427 1161 75 32 than
524 1161 25 32 it
570 1162 100 42 might
692 1163 78 32 have
794 1163 78 32 been
893 1163 61 32 had

136 1225 55 32 she
216 1224 123 32 chosen.
391 1224 63 30 But
481 1222 109 42 Claire,
615 1223 61 32 like
707 1236 18 19 a
754 1229 86 36 great
861 1237 93 29 many

135 1286 91 32 other
247 1285 118 43 people,
381 1283 121 42 though
527 1283 54 33 she
606 1284 50 32 did
682 1297 19 20 a
728 1285 83 42 duty,
828 1285 51 32 did
900 1291 54 27 not

135 1347 39 33 do
190 1347 55 32 her
263 1347 84 40 duty.

179 1408 100 33 There
306 1419 51 21 are
384 1407 46 32 far
455 1418 84 20 more
555 1406 35 32 of
608 1419 55 20 our
688 1408 265 33 fellow-creatures

132 1470 77 33 than
244 1481 47 21 we
323 1469 124 41 believe,
474 1469 69 31 who
582 1469 157 42 discharge
772 1469 83 33 what
883 1470 75 43 they

137 1531 117 42 impose
279 1541 81 32 upon
380 1530 187 33 themselves
590 1541 33 21 as
646 1530 97 33 duties
756 1544 7 28 ;
794 1531 56 32 but
871 1531 87 33 there

833 1598 12 14 o
862 1594 10 18 2
