1062 1607
492 19 28 24 31

50 79 44 24 the
104 77 106 32 Smithy
220 76 83 29 stede,
315 76 46 24 the
373 76 168 29 Kilnelands,
552 76 47 24 the
611 77 150 32 Stonigate,
776 78 46 24 the
831 78 145 29 Walbanc,

52 111 51 27 and
116 111 45 25 the
176 110 141 32 Ringherd
331 110 33 24 de
380 110 139 31 Shorteys,
534 111 53 22 and
608 111 156 32 Ellendeye.
813 111 59 25 The
886 111 92 33 family

51 145 86 26 which
151 144 65 25 took
229 144 34 24 its
276 152 81 16 name
369 143 67 24 from
450 144 122 23 Ancoats
584 152 56 16 was
654 149 46 19 not
714 144 45 25 the
772 145 63 32 only
849 154 50 16 one
918 146 59 24 that

51 180 53 25 had
122 178 139 26 extensive
275 177 170 32 possessions
457 177 27 23 in
498 177 46 24 the
557 177 115 25 district.

84 215 31 23 In
131 220 72 24 1331,
219 211 105 32 Henry,
338 219 48 16 son
400 210 29 25 of
445 210 101 25 Robert
561 211 32 24 de
607 212 128 26 Ancotes,
750 211 50 25 lets
812 212 42 24 his
872 212 65 25 land
950 213 26 24 in

52 248 45 24 the
106 246 104 25 hamlet
225 249 28 21 to
267 244 42 26 Sir
324 244 103 25 Robert
441 244 33 25 de
488 245 94 24 Burun
595 243 40 26 for
649 253 14 16 a
678 249 67 21 term
760 245 29 24 of
805 245 72 33 forty
890 254 86 23 years,

52 282 44 24 the
110 284 56 20 rent
181 279 80 31 being
274 287 51 16 one
346 287 67 16 rose.
451 278 67 24 This
539 278 42 25 Sir
604 279 102 24 Robert
728 287 55 16 was
805 287 16 16 a
841 279 97 32 knight
952 280 29 24 of

53 315 45 25 the
116 314 71 25 shire
200 313 39 24 for
253 313 46 24 the
313 315 101 29 county
434 312 28 24 of
480 312 126 25 Lincoln.
644 312 73 25 Next
735 321 65 23 year
813 313 46 24 the
880 314 96 31 letting

52 357 54 17 was
130 346 146 26 converted
303 347 57 23 into
386 354 15 16 a
423 345 57 33 gift.
528 347 31 23 In
582 346 45 24 the
647 346 123 24 fifteenth
791 350 114 29 century
930 347 46 24 the

53 382 90 32 family
156 381 29 24 of
196 381 41 24 De
253 380 172 24 Holinworth
440 380 54 23 had
505 383 129 28 property
647 381 26 22 in
689 381 129 28 Ancoats,
833 381 53 23 and
900 381 75 24 there

53 425 43 16 are
110 423 143 17 numerous
267 414 82 24 deeds
363 413 28 24 of
402 413 130 25 transfers
546 414 53 23 and
621 414 169 24 re-transfers
813 415 163 31 apparently

52 448 130 27 •executed
196 448 65 24 with
275 456 15 16 a
303 448 68 23 view
385 451 28 20 to
430 447 112 32 making
561 447 45 24 the
628 448 59 23 title
708 456 31 15 as
761 448 103 24 certain
879 456 29 16 as
929 448 47 24 the

53 484 143 24 cumbrous
209 481 69 33 legal
297 481 156 31 machinery
472 481 30 24 of
520 481 46 24 the
588 481 53 32 day
658 481 89 24 would
768 481 87 25 allow.
894 481 82 25 Their

54 516 160 26 connection
228 515 65 25 with
308 515 121 24 Ancoats
442 514 87 25 lasted
542 514 65 25 from
631 515 64 31 1428
709 519 28 20 to
753 516 71 31 1456,
838 515 78 25 when
931 516 45 24 the

54 551 63 24 land
131 550 52 25 and
196 552 151 22 tenements
360 557 70 16 were
446 549 28 23 in
486 549 154 30 possession
656 549 88 31 partly
757 548 28 25 of
795 549 71 33 John
887 549 90 32 Byron

54 585 29 24 of
94 585 124 31 Clayton,
241 583 53 25 and
315 583 90 31 partly
427 582 29 24 of
477 582 96 24 Bartin
596 582 134 25 Trafford.
767 583 76 24 Thus
861 591 39 16 we
921 583 57 25 find

54 619 60 24 that
132 617 119 25 towards
264 617 45 24 the
330 617 51 24 end
402 616 28 25 of
449 615 47 25 the
518 615 123 25 fifteenth
667 619 112 29 century
803 617 45 24 the
871 617 107 24 ancient

54 660 104 17 owners
171 651 28 24 of
210 652 46 23 the
269 650 64 24 land
347 650 54 24 had
414 650 68 24 been
505 650 125 31 replaced
644 650 35 31 by
697 651 133 23 members
852 650 27 24 of
899 651 78 24 those

57 690 52 21 two
121 685 129 33 powerful
270 685 71 23 local
363 683 122 30 families,
499 683 46 24 the
563 684 106 31 Byrons
689 684 53 23 and
764 684 46 24 the
830 684 146 24 Traffords.

57 720 57 24 The
127 719 86 25 rental
226 718 28 24 of
273 718 46 24 the
340 725 95 16 manor
448 717 28 24 of
490 717 173 24 Manchester
682 718 25 23 in
734 724 61 25 1472
817 718 89 24 shows
918 718 58 24 that

56 754 69 33 John
138 754 91 30 Byron
243 752 54 24 and
316 751 142 24 Bartrinus
472 751 124 24 Trafford
618 751 68 24 each
706 751 64 32 paid
783 760 37 23 3s.
833 751 41 32 4d.
888 753 91 31 yearly

57 790 66 27 rent,
137 787 53 24 and
203 794 69 17 were
286 784 102 25 further
402 784 83 25 under
498 784 150 33 obligation
670 788 28 20 to
719 785 78 32 grind
819 785 69 24 their
901 787 76 30 grain

58 825 26 20 at
98 821 45 24 the
156 820 54 25 mill
226 819 144 32 belonging
382 823 29 20 to
424 818 45 25 the
483 818 57 25 lord
554 818 29 24 of
593 818 45 24 the
651 827 94 16 manor
759 818 29 24 of
798 819 178 25 Manchester.

59 856 30 23 In
108 854 46 25 the
166 853 136 25 sixteenth
323 856 112 28 century
450 852 74 25 Lord
537 852 25 24 la
577 852 98 25 Warre
688 852 62 25 held
763 852 46 25 the
830 853 102 25 hamlet
952 854 29 24 of

58 889 126 28 Ancoats,
199 888 53 23 and
265 890 124 28 amongst
403 887 77 24 those
493 886 62 24 who
568 885 54 25 had
634 886 170 31 possessions
821 887 26 24 in
869 888 19 23 it
910 895 70 16 were

59 922 40 25 Sir
114 922 127 24 Edmund
258 921 134 27 Traftord,
407 920 128 24 Edmund
549 920 157 32 Entwysell,
726 920 53 24 and
791 921 71 32 John
877 921 101 31 Byron.

92 956 51 24 Let
155 964 32 16 us
198 959 43 28 try
253 959 28 20 to
295 955 118 31 imagine
425 954 73 24 what
512 954 54 24 this
580 954 105 24 district
703 958 71 20 must
789 954 69 24 have
872 955 66 23 been
953 956 25 23 in

57 990 44 24 the
111 989 100 25 distant
220 992 70 29 past.
326 989 60 23 The
395 992 73 20 town
479 987 28 24 of
515 989 25 22 M
546 988 143 23 anchester
697 988 88 24 would
795 989 34 23 be
838 989 143 30 separated

58 1024 35 32 by
105 1023 130 25 stretches
254 1022 30 24 of
302 1022 143 24 woodland
459 1022 54 23 and
527 1022 76 24 fields
617 1022 67 23 from
698 1022 47 23 the
757 1022 69 24 little
838 1022 101 24 hamlet
954 1022 28 24 of

57 1059 127 27 Ancoats,
198 1056 88 25 which
300 1056 53 24 had
374 1056 34 24 its
430 1063 155 24 messuages
606 1055 53 24 and
683 1055 138 28 orchards,
843 1055 34 25 its
899 1064 80 24 green

59 1092 73 24 lanes
145 1091 106 32 leading
264 1094 28 20 to
305 1090 46 24 the
364 1090 72 24 rural
450 1089 93 32 bridge
562 1097 63 16 over
645 1089 45 25 the
711 1089 65 24 then
799 1089 72 24 clear
892 1090 90 31 bright

56 1129 98 20 stream
172 1124 85 25 ofthe
270 1123 136 25 Medlock.
442 1123 89 24 There
543 1131 56 16 was
612 1131 15 16 a
643 1123 158 31 Stonygate,
817 1123 54 25 and
886 1123 96 32 Stony-

56 1160 85 28 lands,
154 1159 45 24 the
213 1165 80 17 cause
306 1157 29 25 of
344 1156 70 33 grief
424 1160 28 21 to
465 1157 47 24 the
525 1156 211 32 agriculturalist
748 1165 5 20 ;
773 1156 76 25 there
858 1165 69 17 were
937 1158 45 24 the

59 1193 133 33 Claycroft
206 1192 54 24 and
273 1192 46 23 the
332 1191 158 24 Kiln-lands
502 1191 27 24 in
540 1190 154 32 suggestive
705 1190 154 32 proximity.
896 1191 86 24 There

57 1235 54 17 was
124 1226 46 25 the
182 1225 157 29 Wallbank,
353 1225 162 31 Longmere,
535 1224 45 24 the
599 1224 150 29 Hardacre,
765 1224 46 24 the
831 1225 89 29 Knoll,
938 1226 44 23 the

58 1259 157 29 Shortcroft,
241 1259 45 25 the
313 1258 183 29 Middlecroft,
520 1258 47 24 the
594 1258 100 31 Bridge
718 1257 114 32 furlong,
858 1259 53 23 and
938 1259 44 24 the

59 1294 103 32 Smithy
190 1293 91 26 Stead.
326 1292 89 25 There
439 1300 57 16 was
519 1292 46 23 the
590 1292 96 23 Waste
711 1292 29 23 of
760 1292 144 31 Elendeye,
932 1293 50 23 and

57 1337 14 16 a
102 1328 159 33 mysterious
288 1326 110 32 locality
428 1325 87 25 called
539 1325 46 25 the
613 1325 140 32 Ringherd
778 1325 43 24 del
846 1325 136 33 Shorteys.

59 1363 92 32 Lastly
165 1362 75 24 there
253 1369 55 16 was
322 1360 46 25 the
383 1359 91 25 Broad
488 1359 100 25 Green.
626 1359 74 24 Here
714 1368 39 15 we
767 1367 63 25 may
843 1359 69 32 hope
925 1360 57 24 that

57 1397 75 24 those
145 1397 60 24 who
219 1394 97 32 helped
338 1394 45 25 the
405 1393 80 32 dyers
503 1392 29 25 of
551 1393 184 29 Manchester,
750 1393 61 24 who
825 1394 101 24 tended
938 1393 44 25 the

57 1430 129 25 orchards
200 1430 53 24 and
267 1429 82 23 farms
364 1427 28 25 of
402 1428 47 24 the
463 1427 112 31 squires,
595 1426 61 25 who
678 1426 108 25 worked
806 1427 27 24 in
854 1427 45 24 the
919 1427 63 25 kiln-

52 1465 90 30 .lands,
156 1464 53 25 and
223 1464 60 25 who
297 1464 27 22 in
338 1462 36 24 all
387 1461 79 25 other
480 1469 73 24 ways
576 1460 174 25 contributed
768 1465 27 20 to
816 1460 47 25 the
885 1462 97 24 wealth
