1062 1607
502 38 27 18 IS

44 107 68 16 were
135 102 26 21 at
175 99 73 24 work
263 99 89 25 which
371 100 69 24 have
462 99 75 25 since
558 95 216 28 revolutionized
797 93 174 26 Manchester

46 133 54 23 and
113 133 36 23 all
162 132 175 24 Lancashire.

80 166 59 24 The
149 167 86 31 origin
246 166 28 24 of
282 167 45 24 the
336 174 151 17 commerce
498 166 53 24 and
560 163 189 26 manufacture
757 163 29 24 of
799 161 172 26 Manchester

47 201 23 23 is
83 201 51 23 lost
147 200 27 24 in
195 201 46 23 the
254 204 100 21 remote
367 204 70 29 past.
476 200 85 24 What
581 207 70 16 were
665 196 87 26 called
799 196 172 25 Manchester

48 237 106 21 cottons
205 243 68 16 were
292 235 99 24 known
415 235 28 23 in
463 234 47 24 the
535 231 156 26 fourteenth
716 234 113 28 century
851 230 53 24 and
926 230 45 26 the

49 268 105 25 district
167 276 55 16 was
234 268 46 25 the
293 272 57 21 seat
364 268 29 24 of
409 276 15 16 a
436 267 94 25 textile
542 267 125 29 industry
680 264 149 26 somewhat
843 264 102 25 earlier.

400 1045 48 14 THE
467 1045 71 17 QUAY,
556 1038 56 24 1746.

83 1087 23 23 A
120 1086 73 32 large
214 1087 114 25 number
349 1090 27 22 ot
395 1087 119 25 Flemish
529 1088 117 24 artisans
660 1095 45 16 are
727 1085 118 26 believed
860 1090 28 20 to
901 1085 70 25 have

49 1120 96 25 settled
159 1121 26 23 in
204 1120 45 25 the
262 1125 81 25 town,
363 1121 100 32 having
477 1122 65 24 been
564 1121 103 24 invited
687 1124 28 21 to
730 1120 127 32 England
871 1120 35 32 by
925 1119 45 25 the

47 1154 73 25 third
132 1155 126 24 Edward.
295 1155 59 24 The
364 1156 112 23 woollen
489 1155 186 24 manufacture
686 1154 86 25 which
782 1154 63 32 they
856 1153 113 32 brought

47 1188 58 24 into
118 1191 93 28 repute
224 1196 56 16 was
293 1188 40 24 for
354 1189 135 23 centuries
512 1189 158 24 afterwards
683 1189 46 23 the
751 1188 87 31 staple
851 1187 78 25 trade
943 1188 28 24 of

48 1222 178 29 Manchester,
240 1223 67 22 until
320 1223 45 23 the
378 1223 184 24 introduction
575 1222 29 24 of
620 1223 140 31 vegetable
773 1225 101 20 cotton.

82 1255 59 24 The
154 1256 125 23 traveller
293 1256 105 24 Leland
411 1256 59 24 who
485 1256 97 24 visited
593 1256 46 24 the
649 1261 70 19 town
731 1256 25 23 in
770 1256 95 32 Henry
878 1256 93 23 VIII's

47 1289 74 28 time,
145 1289 140 24 described
310 1290 19 23 it
351 1298 31 16 as
426 1290 47 24 the
494 1290 92 24 fairest
607 1290 54 24 and
682 1289 59 25 best
762 1289 67 25 built
850 1294 71 19 town
944 1289 24 24 in

273 1323 39 24 Its
324 1323 192 32 parishioners,
531 1324 27 24 in
573 1323 165 25 Elizabeth's
751 1323 83 32 reign,
856 1331 44 16 are
912 1322 59 25 said

46 1359 29 21 to
88 1356 69 24 have
170 1356 147 25 numbered
334 1365 90 21 10,000
436 1367 6 19 ;
456 1358 53 24 and
524 1357 26 24 in
561 1357 180 32 anticipation
756 1356 29 25 of
797 1357 45 24 the
852 1356 118 33 Spanish

46 1389 136 29 invasion,
208 1390 174 25 Manchester
404 1400 55 15 was
485 1391 112 24 ordered
620 1394 27 21 to
672 1391 103 24 furnish
801 1390 169 33 thirty-eight

46 1423 174 29 musketeers,
233 1424 171 31 thirty-eight
418 1425 118 27 archers,
551 1425 53 24 and
618 1433 51 16 one
687 1425 123 24 hundred
824 1425 54 24 and
891 1424 80 32 forty-

46 1456 59 25 four
118 1457 109 25 billmen
241 1457 53 25 and
316 1457 132 31 pikemen.
487 1459 30 23 In
542 1460 73 29 1641,
638 1459 90 23 Lewis
751 1459 117 24 Roberts
888 1462 83 21 states

45 1490 60 25 that
116 1490 45 25 the
201 1495 72 20 town
284 1490 29 25 of
324 1492 169 24 Manchester
507 1492 67 30 buys
587 1492 46 24 the
643 1492 70 24 linen
728 1500 66 22 yarn
808 1492 82 25 ofthe
902 1493 69 24 Irish
