1079 1710
880 83 52 25 183

298 88 63 21 THE
384 89 209 21 UNEXPECTED
617 90 133 20 RETURN.

117 162 99 33 Avhich
245 164 54 31 she
326 165 89 32 could
440 178 50 19 see
514 166 64 31 him
604 177 71 30 pass
697 170 32 27 at
751 178 18 19 a
788 165 143 40 distance,

117 230 52 26 too
185 224 47 32 far
247 225 45 32 for
306 226 53 32 the
376 227 157 40 exchange
550 227 34 31 of
595 227 85 31 word
697 239 32 19 or
744 227 78 32 look.

161 286 66 31 The
262 299 84 29 pure,
375 287 71 42 holy
470 288 92 31 union
583 288 73 31 with
685 288 61 31 him
770 288 53 31 she
846 287 88 31 loved

119 359 64 19 was
208 348 152 31 dissolved
373 362 6 27 ;
405 349 53 31 she
474 360 62 20 was
563 360 39 20 no
621 349 107 40 longer
750 348 55 41 his,
827 360 55 19 nor
896 347 38 32 he

118 408 71 31 hers
201 422 6 27 ;
232 409 56 30 but
304 408 54 32 she
378 409 98 41 might
493 421 49 19 see
569 409 62 31 him
633 428 42 4 —
675 409 84 31 there
787 408 87 32 could
896 408 38 31 be

117 481 40 19 no
175 469 87 31 harm
277 469 31 31 in
323 470 75 30 that.

194 531 61 30 Put
278 530 44 32 off
341 542 76 30 your
432 531 169 40 mourning,
778 530 60 31 had
862 529 72 41 said,

119 591 204 41 boisterously
349 591 79 41 glad,
457 591 122 39 Olivier,
597 591 61 31 and
685 591 99 31 Claire
807 591 52 31 did
881 595 55 37 put

118 653 55 31 her
189 653 164 40 mourning
367 652 44 31 off
420 665 6 27 ;
449 653 55 30 but
526 653 22 30 it
572 652 121 31 seemed
712 657 29 26 to
767 652 62 40 her,
846 652 89 30 while

119 713 55 30 she
204 713 51 30 did
278 725 42 28 so,
349 724 33 19 as
405 712 26 31 if
461 712 52 32 she
536 724 80 20 were
641 712 104 41 laying
775 712 83 31 aside
882 712 54 31 her

120 773 142 41 wedding
285 785 80 29 gear.
414 773 60 32 She
498 773 99 32 would
628 774 42 30 let
696 785 39 20 no
763 785 55 19 one
843 773 93 32 touch

117 834 57 31 her
190 834 84 31 sable
290 839 166 36 garments,
474 834 56 30 but
554 834 71 40 only
641 834 118 37 herself,
777 834 59 31 and
862 833 75 32 Avith

117 895 56 31 her
189 907 69 19 own
274 895 100 31 hands
390 895 54 31 she
459 900 56 36 put
531 906 87 29 away
634 895 60 30 and
717 895 108 31 locked
840 900 53 26 out
909 895 32 31 of

118 957 84 40 sight
224 956 53 32 the
301 960 169 27 vestments
492 955 76 40 that,
590 959 32 27 to
645 955 63 37 her,
734 967 79 20 were
835 955 102 32 rather

118 1017 100 30 bridal
233 1017 76 30 than
324 1017 119 30 funeral
459 1028 81 19 ones.

166 1078 67 31 One
249 1077 99 40 night,
365 1077 94 31 about
485 1081 52 27 ten
556 1076 74 41 days
652 1076 77 31 after
745 1076 41 31 M.
805 1076 35 31 de
857 1076 81 31 Lan-

119 1139 103 31 cour's
238 1142 105 27 return
355 1137 34 41 (it
405 1149 63 19 was
484 1148 69 20 now
565 1137 54 31 the
634 1137 112 31 middle
763 1137 34 31 of
807 1136 129 42 March),

120 1200 102 33 Claire
239 1204 82 26 went
337 1205 31 25 to
385 1210 18 20 a
428 1198 62 32 ball
516 1204 32 26 at
563 1198 50 31 the
629 1199 131 30 Russian
776 1199 161 40 Embassy.

121 1261 31 32 It
177 1272 64 20 was
267 1260 72 40 late,
357 1259 62 31 and
440 1259 52 32 the
514 1272 105 29 young
637 1260 153 41 Marquise
813 1259 54 31 left
887 1259 52 31 the

120 1322 173 39 ball-room,
316 1321 60 31 and
402 1325 80 27 went
506 1325 31 27 to
569 1320 72 32 seek
669 1320 54 31 her
746 1320 139 31 husband
908 1321 32 30 in

119 1384 53 32 the
198 1382 87 32 other
305 1381 108 31 salons.
471 1381 102 31 When
603 1381 54 31 she
691 1381 93 31 found
807 1380 71 40 him,
902 1380 38 31 he

119 1443 124 43 begged
264 1443 54 30 her
340 1446 31 27 to
399 1441 71 31 wait
495 1453 18 19 a
538 1446 121 36 quarter
687 1441 33 31 of
739 1453 39 19 an
802 1441 85 39 hour,
905 1451 35 20 as

121 1507 40 31 he
187 1504 62 33 had
276 1515 84 20 some
387 1515 56 20 one
467 1508 31 26 to
526 1503 93 41 speak
644 1507 31 27 to
691 1502 202 42 particularly,
912 1505 29 28 at
