1079 1710
144 83 53 26 256

374 90 82 20 LOVE
481 88 63 21 THE
567 86 164 22 AVENGER.

143 167 225 42 resting-place,
389 165 69 32 that
480 164 52 32 the
555 162 134 44 promise
717 162 61 32 and
803 161 54 32 the
882 160 90 41 hope,

142 228 62 32 and
219 234 82 26 tears
318 228 35 31 of
369 226 137 41 mingled
522 225 57 42 joy
594 225 62 31 and
678 223 128 33 sadness
822 222 150 43 gathered

143 290 31 31 in
205 289 127 33 Claire's
369 300 81 30 eyes.
505 288 61 32 She
603 287 106 31 traced
745 286 92 32 home
870 290 33 27 to
935 284 37 32 its

142 362 106 21 source
264 350 52 32 the
340 361 108 20 reason
472 349 33 32 of
523 349 56 32 her
598 349 94 41 being
713 348 87 32 there
817 347 40 32 all
873 347 99 40 alone,

142 411 154 42 Avatching
322 411 52 32 the
399 411 55 32 fire
476 411 61 31 and
563 410 148 41 listening
737 414 33 27 to
797 409 52 33 the
870 409 102 41 night,

141 473 120 32 instead
298 473 34 31 of
363 472 125 42 sharing
520 471 30 33 in
581 472 52 32 the
670 472 122 32 various
827 471 145 33 revelries

141 541 32 27 to
195 535 109 41 which,
338 539 31 27 at
395 534 68 32 that
494 546 74 30 very
596 534 86 41 hour,
717 534 53 32 she
802 534 61 31 had
894 534 78 31 been

141 597 121 30 bidden.

185 659 44 31 At
247 658 107 31 dinner
377 662 32 27 at
431 657 55 32 her
508 657 156 41 mother's,
688 669 84 20 some
797 657 93 32 hours
914 658 57 30 be-

141 721 72 40 fore,
239 720 23 32 it
286 720 62 32 had
373 720 78 31 been
477 720 99 31 stated
601 720 69 31 that
694 719 43 31 M.
762 719 37 32 de
826 720 145 31 Lancour

141 796 62 20 was
222 783 125 42 leaving
369 782 46 32 for
435 783 128 41 Algeria
583 782 52 32 the
658 787 74 27 next
748 783 96 31 week.
893 783 77 31 Was

140 851 52 27 not
214 846 69 31 that
299 857 33 19 as
349 845 53 31 she
418 844 117 32 wished
550 845 23 30 it
591 849 30 27 to
638 845 38 31 be
689 847 14 30 ?
750 845 62 31 Dicl
836 850 54 27 not
914 846 55 32 the

141 919 75 30 very
240 910 99 28 secret
361 905 34 32 of
413 906 54 31 her
491 917 108 30 repose
623 905 37 32 lie
684 905 31 31 in
737 906 49 31 his
811 907 133 32 absence
957 908 14 31 ?

142 968 89 31 could
262 967 53 31 she
342 967 38 31 be
409 966 112 42 pained
547 966 41 42 by
616 978 60 30 any
703 967 141 32 material
869 979 102 21 sever-

141 1040 74 20 ance
227 1029 14 31 ?
265 1028 60 31 and
348 1027 85 31 AA'hat
458 1027 137 31 distance
621 1027 90 31 could
737 1027 103 32 divide
865 1029 106 32 hearts

143 1101 33 20 so
193 1089 147 40 eternally
357 1101 56 19 one
426 1090 14 30 ?

186 1150 72 31 And
284 1155 60 36 yet,
373 1150 31 30 in
431 1150 78 41 spite
535 1150 33 31 of
591 1151 120 40 herself,
739 1151 56 32 her
820 1154 149 30 woman's

142 1217 108 26 nature
266 1211 54 32 felt
338 1211 68 32 that
422 1211 89 33 AAdien
528 1211 137 33 Victor's
688 1225 149 30 presence
861 1214 108 32 should

142 1273 79 32 have
252 1272 109 32 ceased
391 1272 31 30 in
449 1272 51 32 the
527 1273 88 41 place
643 1273 103 33 where
777 1275 54 32 she
864 1277 103 40 dAvelt,

142 1333 87 32 there
246 1332 101 31 Avould
366 1332 51 31 fall
433 1344 18 19 a
468 1333 73 31 chill
557 1333 61 32 and
634 1346 18 20 a
668 1335 105 41 gloom
796 1349 83 29 upon
901 1338 68 32 that

144 1394 94 42 place.
287 1393 60 32 She
375 1393 52 31 did
453 1399 53 26 not
533 1395 78 32 need
638 1400 33 27 to
697 1408 50 21 see
772 1398 73 33 him.
896 1399 51 33 No
961 1401 7 31 !

143 1454 150 41 honestly,
310 1465 39 19 no
361 1454 5 31 !
391 1453 120 32 neither
526 1455 101 33 would
649 1456 39 32 he
710 1459 73 31 seek
799 1459 55 32 her
855 1479 43 3 —
900 1461 69 32 that

144 1515 54 33 she
228 1515 97 40 knew,
357 1515 61 31 and
449 1515 51 32 the
530 1516 182 43 knowledge
744 1520 126 40 pleased
903 1521 64 33 her.
