1079 1710
152 81 52 25 224

385 87 82 20 LOVE
491 85 64 21 THE
578 83 161 22 AVENGER.

149 164 131 41 genuine
318 168 82 27 utter
436 161 210 43 helplessness
684 160 69 31 that
795 158 22 31 it
866 156 111 32 almost

148 226 132 30 touched
296 225 62 31 her.

292 299 33 20 so
349 287 82 42 good
458 298 33 20 as
512 291 32 27 to
569 284 143 33 examine
730 283 52 32 the

147 350 53 31 she
232 350 73 40 said,
337 361 33 20 as
401 348 119 42 though
551 347 112 32 moved
693 347 42 41 by
762 358 18 19 a
806 343 170 33 charitable

146 411 97 31 desire
270 415 30 27 to
322 410 121 43 explain
465 420 87 32 away
577 409 55 31 her
652 407 138 41 seeming
814 406 159 32 hardness.

273 472 61 30 will
359 471 157 42 recognise
541 470 53 32 the
619 469 219 42 impossibility
857 468 35 31 of
914 479 60 30 any

145 534 71 41 help
231 534 92 40 being
338 533 143 32 afforded.
528 531 189 32 Mardonnet
733 530 56 32 has
805 535 56 37 got
881 534 33 27 to
935 529 39 33 be

144 607 18 20 a
188 596 114 41 deputy
315 608 5 27 ;
356 599 76 36 true,
459 593 66 34 that
551 594 26 31 is
608 605 19 20 a
657 593 81 42 good
770 592 77 41 deal,
877 603 95 30 more,

144 657 138 41 perhaps,
301 656 75 31 than
403 656 39 31 he
466 655 61 32 had
554 667 19 19 a
596 655 83 41 right
702 659 33 27 to
759 658 111 38 expect
884 667 6 19 :
916 654 57 31 but

143 717 67 33 that
225 717 84 31 leads
325 717 64 30 him
404 721 32 27 to
453 722 85 26 want
553 728 85 20 more
650 729 6 27 ;
674 716 38 32 he
729 721 97 27 wants
842 728 114 30 money
965 729 7 27 ;

144 779 38 31 he
198 779 78 31 finds
293 778 50 32 the
360 778 66 31 first
442 778 145 42 stepping
604 783 86 27 stone
713 778 98 32 under
831 778 48 32 his
901 778 70 40 feet,

143 839 51 33 the
211 839 226 42 chairmanship
454 839 34 32 of
509 839 62 32 this
594 839 128 43 railway
737 840 104 41 board,
860 852 18 20 a
894 840 79 32 local

143 901 183 39 distinction,
355 912 18 20 a
398 901 121 32 natural
549 901 206 32 introduction
782 907 32 27 to
838 902 84 32 what
946 903 26 31 is

143 962 117 32 termed
291 962 139 32 business
431 981 42 3 —
475 961 53 33 the
558 962 61 43 key
650 967 31 27 to
713 964 198 41 possibilities
943 964 33 32 of

143 1022 253 43 money-making
423 1022 77 33 later
501 1042 43 2 —
546 1022 38 32 he
612 1023 78 32 finds
716 1024 76 41 this;
825 1025 62 31 and
911 1037 61 30 you

144 1088 110 37 expect
276 1083 67 32 that
366 1084 15 31 I
404 1095 55 20 can
485 1084 151 42 persuade
659 1085 65 32 him
744 1090 31 28 to
791 1086 72 42 give
879 1087 24 31 it
918 1099 51 30 up.

144 1146 68 30 You
244 1156 50 20 are
325 1156 105 30 young
457 1145 59 31 and
547 1145 146 34 innocent
724 1148 28 31 in
782 1149 110 40 affairs,
919 1161 53 31 my

144 1205 72 32 dear
232 1205 137 39 Marquis
383 1206 7 31 !

298 1277 60 29 no;
381 1266 69 32 that
474 1267 25 31 is
520 1273 55 26 not
591 1269 83 32 what
698 1270 15 31 I
873 1274 98 40 urged

145 1327 123 40 Olivier,
300 1326 74 32 with
404 1329 168 31 unwonted
610 1342 125 31 energy.
887 1335 84 33 don't

144 1392 110 38 expect
276 1386 67 33 that
365 1399 77 20 even
466 1400 60 30 you
548 1401 57 20 can
627 1393 129 32 succeed
783 1394 30 31 in
841 1397 130 42 making

145 1448 186 32 Mardonnet
347 1459 152 21 renounce
523 1449 47 32 his
594 1458 124 35 present
741 1455 123 33 scheme

144 1509 99 41 Again
260 1509 38 32 he
314 1509 123 41 paused.
