1062 1607
514 42 28 16 21

60 103 67 24 This
139 110 56 17 was
208 103 44 24 the
265 102 51 25 last
331 103 28 24 of
376 103 46 25 the
432 103 49 24 few
495 102 168 26 remarkable
675 104 159 26 inventions
848 105 36 33 by
895 106 87 25 which

61 138 44 24 the
119 140 93 21 cotton
226 137 77 24 trade
316 137 49 26 has
378 145 90 25 grown
481 140 28 21 to
523 137 35 23 its
567 142 147 26 greatness.

94 171 59 24 The
166 170 101 25 busiest
281 175 57 27 part
352 172 29 25 of
397 171 44 24 old
462 171 175 24 Manchester
650 171 22 24 is
685 171 94 25 shown
799 172 26 24 in
840 173 53 24 this
906 173 76 25 view.

62 204 58 25 The
133 204 103 24 Market
250 204 91 29 Place,
354 204 66 26 with
442 206 43 23 the
499 204 147 32 Exchange
669 205 54 32 (the
736 206 99 24 second
849 209 133 23 structure

61 238 28 25 of
105 238 46 25 the
163 238 86 29 kind),
264 238 45 25 the
326 240 66 24 Post
406 238 93 28 Office,
523 238 103 24 market
640 238 85 29 stalls,
739 240 46 23 &c.
823 240 111 25 Besides
948 241 34 24 its

62 281 60 16 uses
135 280 30 17 as
178 281 15 15 a
207 272 118 32 meeting
337 274 77 30 place
427 272 40 24 for
481 271 45 25 the
540 272 163 28 merchants,
713 272 45 25 the
768 273 146 32 Exchange
926 282 56 16 was

62 315 15 16 a
97 306 78 31 place
196 305 40 25 for
255 306 92 31 public
369 306 132 32 meetings
524 306 52 24 and
590 306 144 25 theatrical
753 308 229 25 entertainments.

61 340 91 24 When
177 340 44 24 the
246 339 58 25 first
325 341 149 30 Exchange
493 348 56 16 was
571 340 68 24 built
662 340 156 31 companies
842 341 29 23 of
894 345 88 20 actors

61 374 97 24 visited
171 374 46 23 the
226 377 81 26 town,
322 375 109 31 coming
444 374 68 23 from
531 374 115 23 London
660 374 53 23 and
736 375 111 28 Dublin,
861 375 53 24 and
925 384 57 22 gave

62 408 85 33 plays,
160 408 88 24 whilst
266 408 62 32 they
343 408 116 32 charged
473 407 40 24 for
534 411 131 21 concerts.
702 408 66 23 This
784 416 56 16 was
858 413 28 19 to
899 408 83 25 evade

62 442 46 24 the
122 442 139 23 Dramatic
276 442 118 24 Licence
409 442 60 24 Act.
505 441 59 23 The
577 441 118 24 Theatre
708 442 87 31 Royal
806 450 56 16 was
875 442 68 24 built
956 443 26 23 in

63 475 98 33 Spring
184 475 125 25 Gardens
329 475 27 25 in
381 482 72 25 1775,
468 474 67 25 after
553 475 77 23 much
644 475 163 31 opposition.
844 475 58 25 The
916 484 66 23 poor

62 510 106 31 players
181 517 69 16 were
264 509 80 25 burnt
357 513 46 21 out
416 509 29 24 of
452 508 68 25 their
533 508 84 24 house
630 508 26 24 in
672 510 71 30 1789,
757 509 55 24 and
824 509 20 24 it
858 509 22 24 is
892 509 90 25 feared

63 543 59 25 that
136 543 19 24 it
165 551 56 16 was
231 547 46 20 not
291 543 46 25 the
348 544 82 24 result
444 542 28 25 of
484 551 34 16 an
529 542 133 29 accident,
675 543 49 24 but
737 542 45 25 the
790 543 72 24 work
875 542 29 25 of
910 552 72 16 some

63 576 102 25 fanatic
177 576 61 25 who
252 585 55 17 saw
320 577 27 25 in
361 577 45 25 the
419 577 118 24 Theatre
551 576 62 31 only
626 576 172 31 possibilities
811 576 29 25 of
856 577 60 29 evil,
929 577 53 25 and

388 616 90 26 thought
489 616 47 20 God
547 615 28 20 he
584 622 42 13 was
636 616 89 25 serving,

225 643 49 20 And
285 644 28 24 by
322 644 110 24 deserving
444 650 11 13 a
465 650 58 18 rope,
535 642 32 21 his
578 643 102 20 salvation
690 650 41 13 was
741 643 89 25 earning.

97 675 58 24 The
167 679 181 21 amusements
361 675 29 24 of
405 673 46 27 the
464 675 133 32 populace
615 682 70 17 were
698 674 203 33 cock-fighting,
917 675 64 25 bull-

64 709 112 31 baiting,
200 709 54 25 and
273 709 189 31 bear-baiting.
498 702 89 30 These
609 712 84 20 tastes
714 708 65 33 they
797 709 97 25 shared
917 709 66 25 with

65 743 69 25 their
150 743 140 24 wealthier
314 743 172 32 neighbours.
524 742 120 31 Archery
662 751 56 15 was
739 743 57 24 also
817 751 15 16 a
852 743 131 25 favourite

65 777 123 31 pastime.
225 776 88 25 There
326 785 64 21 was,
404 777 130 28 however,
548 784 73 16 more
640 776 165 25 intercourse
823 777 65 24 than
907 778 76 23 there

65 819 59 15 now
138 812 21 22 is
176 811 120 23 between
310 811 70 23 class
394 810 54 24 and
461 810 77 29 class,
558 810 53 24 and
630 809 104 33 factory
751 810 92 24 smoke
860 811 53 24 had
935 815 47 20 not

65 848 43 28 yet
122 844 104 24 blasted
239 844 35 24 all
287 845 45 23 the
345 852 80 24 green
439 848 79 25 trees,
531 844 130 30 poisoned
674 844 35 23 all
722 844 45 23 the
779 852 67 24 song
858 845 82 28 birds,
954 852 30 17 or

66 878 118 32 blighted
203 878 35 24 all
256 878 46 24 the
320 878 105 24 flowers
443 877 59 24 that
521 885 66 24 gave
605 877 81 24 mirth
707 877 52 24 and
780 878 99 32 beauty
891 882 28 20 to
937 878 46 25 the

66 912 69 32 good
149 911 44 25 old
213 915 80 21 town.
330 911 58 25 The
410 911 136 32 primitive
564 911 91 24 habits
673 911 29 23 of
720 911 46 24 the
779 911 64 24 time
856 920 45 16 are
923 912 59 25 well

66 946 92 24 shown
171 945 27 24 in
210 945 72 25 what
296 945 49 25 has
359 954 75 16 come
447 945 78 24 down
539 948 28 21 to
586 952 31 16 us
635 944 153 33 respecting
804 945 70 33 John
895 945 88 26 Shaw.

66 979 72 25 That
150 979 104 32 worthy
266 979 45 25 old
325 979 97 25 soldier
436 978 62 25 died
510 978 27 24 in
563 979 62 30 1796
646 982 27 20 at
691 978 46 24 the
755 978 57 32 ripe
830 987 49 24 age
897 979 30 25 of
943 981 40 24 80.

67 1014 55 24 For
133 1012 143 33 fifty-eight
287 1022 78 22 years
378 1013 32 24 he
423 1021 57 16 was
499 1012 43 24 the
562 1012 125 31 occupier
706 1012 29 24 of
751 1021 16 15 a
786 1014 78 23 small
882 1014 101 30 public-

66 1047 83 24 house
171 1047 26 24 in
223 1047 46 24 the
282 1047 52 24 Old
355 1046 152 25 Shambles.
544 1046 44 24 He
608 1046 104 24 carried
734 1046 45 24 the
803 1047 134 30 precision
956 1047 29 24 of

67 1081 115 32 military
206 1081 57 24 rule
287 1080 57 25 into
367 1080 42 25 his
439 1080 116 25 conduct
580 1079 29 24 of
634 1079 53 25 this
711 1080 91 24 house.
851 1081 35 24 At
912 1081 72 32 eight

66 1115 102 24 o'clock
192 1115 67 23 each
284 1115 74 31 night
381 1114 72 33 John
482 1113 104 25 walked
615 1113 58 24 into
702 1113 46 25 the
779 1121 74 17 room
884 1118 28 20 to
940 1115 43 24 his

67 1149 149 24 assembled
238 1152 99 29 guests,
359 1148 54 24 and
432 1147 171 32 proclaimed,
650 1147 81 32 Eight
754 1148 112 28 o'clock,
885 1149 100 31 gentle-

67 1191 60 16 men
142 1191 5 20 ;
166 1182 72 33 eight
251 1182 129 24 o'clock."
414 1181 27 24 If
456 1181 54 24 this
531 1181 153 23 intimation
706 1188 56 17 was
784 1186 46 20 not
851 1182 135 33 promptly

66 1215 150 33 responded
226 1220 28 20 to
267 1216 36 32 by
315 1215 46 25 the
379 1215 75 32 filing
472 1218 46 21 out
531 1215 30 23 of
575 1214 43 24 his
636 1218 157 25 customers,
807 1215 70 33 John
895 1216 90 25 would

66 1250 82 25 crack
169 1258 14 16 a
204 1250 88 32 heavy
312 1249 152 32 hrrsewhip
484 1249 27 23 in
531 1248 153 33 suggestive
704 1249 147 32 proximity
864 1254 28 20 to
910 1250 76 25 those

67 1284 55 25 still
133 1284 132 31 lingering
278 1291 65 17 over
354 1282 70 25 their
437 1282 145 32 potations.
619 1282 38 24 As
676 1290 15 16 a
709 1282 65 25 final
792 1291 134 22 resource,
940 1284 46 25 the

67 1321 73 21 stout
153 1321 107 21 servant
275 1317 85 32 Molly
372 1325 56 16 was
441 1316 95 28 called,
550 1316 53 24 and
622 1315 181 33 immediately
815 1316 107 26 flooded
940 1318 47 24 the

66 1352 68 25 floor
146 1352 64 24 with
231 1355 83 20 water
335 1351 68 24 from
423 1350 47 25 her
488 1350 55 31 pail
563 1353 177 29 preparatory
753 1353 28 21 to
801 1351 92 32 giving
914 1352 20 23 it
952 1352 35 24 its

67 1386 104 32 nightly
189 1385 155 32 scrubbing.
381 1385 60 23 One
462 1383 114 25 election
597 1384 54 31 day
663 1383 46 25 the
730 1384 147 24 successful
896 1386 91 24 candi-

67 1420 72 29 date,
170 1419 111 25 Colonel
311 1419 121 30 Stanley,
451 1417 115 32 pleaded
587 1417 65 25 with
674 1417 71 34 John
770 1417 41 25 for
839 1418 97 33 liberty
960 1423 27 21 to

66 1453 70 26 have
155 1453 115 25 another
282 1453 71 24 bowl
365 1452 29 24 of
403 1451 91 32 punch
505 1451 68 24 after
585 1451 45 24 the
653 1451 65 24 fata!
738 1451 68 24 hour
823 1452 55 24 had
896 1453 91 25 struck

66 1487 60 26 The
138 1487 75 31 reply
226 1495 56 16 was
294 1486 214 25 characteristic.
571 1485 112 25 Colonel
702 1486 120 32 Stanley,
835 1494 53 24 you
909 1495 45 17 are
972 1496 15 16 a
