1062 1607
128 348 157 41 GOSSIP
321 349 149 41 ABOUT
506 349 86 40 OLD
629 348 316 42 MANCHESTER.

246 513 245 29 ANCHESTER,
518 513 73 24 often
617 513 94 24 looked
731 521 73 23 upon
831 521 30 16 as
889 521 15 16 a
933 521 66 24 very

278 547 111 24 modern
415 548 63 31 city,
508 547 22 24 is
552 547 27 24 in
605 546 96 33 reality
725 554 34 17 an
780 547 109 24 ancient
914 548 85 30 place.

278 581 72 23 That
364 581 75 23 there
452 588 69 16 were
534 581 169 23 inhabitants
717 581 26 23 in
757 581 45 23 the
816 581 106 23 district
933 589 66 15 even

279 615 90 24 before
394 615 46 24 the
470 615 107 23 Roman
601 617 64 21 time
690 614 22 24 is
737 614 98 24 known
861 614 68 25 from
955 615 44 23 the

280 648 103 25 British
414 649 123 30 cinerary
560 656 50 16 urn
635 648 54 31 dug
718 656 37 23 up
780 653 27 19 at
840 648 159 31 Broughton

77 683 80 29 Park,
171 682 54 24 and
242 691 60 16 now
321 682 26 24 in
367 682 45 24 the
431 682 63 25 Peel
514 681 72 25 Park
607 682 134 29 Museum,
763 681 69 25 from
851 682 92 24 which
960 691 42 16 we

76 717 74 25 learn
163 716 60 24 that
237 717 147 24 cremation
397 725 56 16 was
472 715 137 32 practised
629 716 34 31 by
677 724 48 16 our
743 724 99 24 savage
861 720 141 20 ancestors

76 751 124 31 eighteen
225 751 133 24 centuries
383 758 60 24 ago.
488 749 89 25 There
597 750 22 24 is
640 750 52 24 still
712 749 47 25 left
781 758 15 16 a
819 749 133 32 fragment
976 749 29 26 of

77 782 61 26 wall
151 784 26 24 in
192 784 153 24 Gastlefield
360 784 88 24 which
463 784 22 24 is
500 792 61 16 now
580 783 35 25 all
634 784 59 24 that
712 784 117 24 remains
849 785 28 23 of
894 784 107 24 Roman

80 818 181 24 Manchester.
309 818 59 24 The
381 818 49 24 site
444 818 29 23 of
489 818 45 23 the
554 818 106 23 Roman
674 818 99 23 station
788 826 56 16 was
857 821 28 21 at
899 818 102 24 Castle-

77 852 72 28 field,
163 852 52 23 and
229 851 67 24 from
309 852 65 24 time
386 855 28 21 to
434 852 63 24 time
516 852 76 23 there
612 851 67 24 have
699 852 68 24 been
786 852 54 32 dug
859 860 36 24 up
918 852 84 24 altars

78 886 54 24 and
145 885 77 24 other
234 886 103 31 objects
351 890 28 20 to
392 885 104 25 remind
510 894 31 15 us
554 885 29 24 of
594 885 45 24 the
657 885 66 33 days
742 885 78 25 when
839 885 47 25 the
899 886 103 32 legions

78 919 28 25 of
121 919 83 24 Rome
219 919 60 24 held
292 919 54 25 this
360 924 109 28 quarter
482 928 30 16 as
525 918 46 25 the
585 919 102 33 legions
701 918 29 25 of
746 919 104 25 Britain
865 928 62 24 may
941 928 61 16 now

80 954 32 24 be
125 952 110 33 holding
248 961 73 17 some
342 948 116 30 obscure
480 954 77 31 place
579 953 26 24 in
627 953 46 25 the
695 953 78 25 wilds
794 953 28 25 of
842 954 65 24 Asia
929 963 30 15 or
978 954 30 24 of

81 987 99 29 Africa,
199 987 135 31 civilizing
354 987 46 25 the
418 987 62 25 wild
499 987 113 29 natives,
633 987 53 25 and
705 988 127 32 teaching
850 988 47 24 the
911 991 55 21 arts
980 988 28 24 of

80 1029 82 24 peace
190 1023 28 22 to
247 1029 75 16 races
347 1024 28 21 to
397 1021 89 24 whom
508 1021 45 24 the
580 1021 89 24 future
699 1021 29 24 of
750 1022 46 24 the
827 1022 84 24 world
939 1029 63 25 may

80 1055 152 31 perchance
246 1055 105 32 belong.

113 1090 46 23 We
176 1088 78 24 know
273 1089 68 24 little
354 1097 29 16 or
397 1089 114 31 nothing
528 1089 29 24 of
574 1089 176 24 Manchester
769 1089 91 24 before
878 1090 46 24 the
943 1097 61 17 con-

80 1126 85 28 quest.
211 1123 89 24 There
330 1131 53 20 are,
406 1123 106 27 indeed,
531 1123 110 31 legends
663 1123 29 23 of
714 1131 15 16 a
754 1123 68 25 later
847 1131 49 25 age
916 1123 90 25 which

82 1156 131 24 associate
237 1156 55 25 this
314 1156 111 33 locality
449 1156 65 25 with
539 1156 46 24 the
604 1156 81 25 deeds
713 1156 27 24 of
767 1157 99 24 Arthur
898 1157 54 25 and
979 1157 29 25 of

82 1189 132 25 Lancelot
236 1189 26 25 of
281 1189 45 26 the
348 1189 84 26 Lake.
469 1190 89 24 There
580 1189 22 25 is
625 1190 113 25 another
762 1191 131 24 tradition
915 1191 89 25 which

82 1232 61 23 says
154 1223 59 25 that
226 1224 88 24 whilst
327 1225 59 28 Ina,
397 1224 44 24 the
453 1224 72 31 King
538 1223 29 25 of
574 1223 125 30 Wessex,
707 1233 56 16 was
773 1225 116 31 warring
900 1229 107 28 against

82 1257 45 25 the
140 1257 95 25 Welsh
254 1257 87 32 kings,
354 1257 43 25 his
414 1258 90 31 gentle
524 1266 85 23 queen
623 1258 139 24 remained
776 1261 27 22 at
823 1259 182 29 Manchester,

82 1292 86 24 where
182 1292 33 24 he
221 1292 91 31 joined
323 1291 56 25 her.
408 1291 77 25 With
495 1291 46 25 the
551 1295 131 26 conquest
695 1299 39 17 we
745 1299 77 17 come
834 1300 73 23 upon
917 1293 89 24 firmer

81 1326 112 31 ground.
231 1325 59 24 The
304 1326 158 30 Conqueror
474 1333 67 23 gave
554 1325 46 24 the
610 1325 85 24 broad
708 1325 78 24 lands
800 1326 29 23 of
838 1326 169 25 Lancashire

82 1364 28 19 to
128 1360 88 31 Roger
229 1359 30 24 of
267 1360 124 28 Poictou,
403 1360 53 23 and
467 1359 85 24 under
560 1358 54 24 him
626 1359 46 23 the
684 1367 95 16 manor
793 1359 29 24 of
831 1360 175 26 Manchester

83 1401 54 16 was
149 1393 63 24 held
225 1393 35 33 by
272 1393 46 24 the
332 1393 137 31 Gresleys.
507 1393 101 23 Robert
619 1393 33 23 de
663 1393 114 32 Gresley
789 1401 55 16 was
858 1401 51 17 one
922 1394 28 25 of
961 1394 47 25 the

82 1427 99 24 barons
199 1428 62 23 who
281 1426 90 25 forced
392 1426 45 25 the
456 1430 75 29 great
552 1426 115 25 Charter
685 1426 29 24 of
732 1426 127 33 England
872 1427 68 25 from
959 1428 47 25 the

82 1460 139 32 unwilling
239 1460 64 32 king
320 1464 28 21 at
372 1460 203 32 Runneymede.
612 1460 59 24 The
692 1460 72 25 lords
783 1460 29 25 of
831 1461 175 26 Manchester
