1079 1710
392 424 202 31 CHAPTER
625 425 85 30 VIII.

351 521 122 20 COMING
496 521 38 20 TO
558 520 64 21 THE
647 521 100 20 POINT.

187 596 124 31 Claire
340 596 93 31 drove
459 596 131 40 straight
605 600 31 27 to
663 596 52 31 the
741 596 95 31 house
852 595 34 32 of
905 596 54 31 her

143 657 247 39 mother-in-law,
404 657 101 31 where
521 657 52 31 the
590 657 148 42 concierge
754 657 127 32 allowed
895 657 66 31 that

144 718 47 32 his
206 718 135 31 mistress
357 729 63 20 was
437 722 31 27 at
488 717 99 41 home,
605 717 53 32 but
674 718 100 32 where
789 717 52 33 the
857 729 104 30 young-

143 778 156 41 Marquise
325 778 112 41 sought
457 778 31 31 in
512 778 72 32 vain
610 778 46 32 for
681 778 191 33 admittance.
918 779 44 31 At

144 840 67 40 last,
241 840 113 42 having
382 840 144 32 obtained
549 840 53 32 the
626 840 203 32 intervention
854 840 34 32 of
908 841 53 31 the

144 902 177 41 Dowager's
348 902 89 39 maid,
462 901 61 32 this
547 901 191 43 functionary
753 902 153 31 delivered
929 906 33 27 to

143 964 62 40 her,
223 964 32 31 in
271 975 119 19 answer
404 967 32 27 to
452 963 55 31 her
521 974 148 30 message,
687 974 19 20 a
720 963 84 42 piece
815 963 34 31 of
858 974 102 31 paper,

143 1037 40 20 on
200 1025 102 32 which
327 1025 51 31 the
394 1025 153 40 Dowager
570 1025 101 31 stated
695 1024 67 31 that
777 1025 139 31 business
932 1024 33 31 of

141 1086 53 32 the
216 1090 82 27 most
325 1086 140 41 pressing
487 1089 108 27 nature
622 1085 167 41 prevented
811 1085 54 32 her
884 1085 78 31 from

141 1147 157 40 receiving
316 1158 78 20 even
421 1146 55 31 her
503 1146 271 41 daughter-in-law
785 1159 7 27 ;
817 1146 55 31 but
895 1146 67 31 that

142 1208 53 31 she
212 1208 102 31 would
329 1220 40 29 go
387 1220 101 19 across
504 1212 32 27 to
554 1208 52 31 the
618 1208 92 31 Hotel
726 1208 37 31 de
779 1207 183 32 Beauvoisin

141 1270 103 30 before
261 1270 114 30 dinner.

185 1330 100 33 Claire
302 1342 62 20 was
380 1330 62 32 fain
463 1335 31 27 to
515 1330 38 32 be
577 1330 134 32 satisfied
726 1330 74 31 with
815 1330 69 40 this,
903 1330 58 31 and

139 1404 34 20 so
190 1397 82 27 went
289 1392 55 32 her
360 1404 78 27 way.

183 1454 66 31 The
266 1453 160 41 Dowager,
444 1453 31 31 in
491 1453 68 32 that
575 1452 109 33 dismal
701 1452 127 32 boudoir
844 1452 34 31 of
893 1452 68 31 hers

139 1515 99 32 which
262 1527 46 20 we
339 1515 79 31 have
449 1515 125 40 already
604 1526 80 28 seen,
717 1518 46 28 sat
793 1513 79 41 grim
902 1513 59 31 and
