1079 1710
858 82 53 25 129

323 88 69 21 TWO
414 88 39 21 TO
477 88 63 21 THE
564 88 125 21 RESCUE.

93 161 75 32 dear
182 162 85 32 niece
279 164 6 31 !
334 164 148 32 observed
498 165 43 31 M.
561 164 35 32 de
613 165 174 40 Moranges,
806 162 72 32 Avith
894 174 18 19 a

95 222 122 33 curious
234 225 96 40 smile,
348 226 60 31 and
424 237 39 19 an
475 226 175 41 expression
663 226 33 31 of
707 229 205 28 countenance

96 284 41 42 by
153 297 40 19 no
209 297 107 20 means
331 286 184 32 benevolent
537 298 69 20 now
617 300 6 27 ;
678 287 55 31 but
755 298 76 30 pray
845 297 67 30 pro-

97 346 74 31 ceed
182 359 7 27 ;
213 347 85 31 what
312 347 25 31 is
353 347 22 31 it
390 359 61 29 you
467 347 79 32 have
561 352 32 27 to
609 359 54 29 say
679 352 32 27 to
727 359 49 20 me
785 348 14 31 ?

172 407 59 40 Oh,
248 420 53 29 my
314 408 72 31 dear
402 408 88 31 uncle
501 409 6 31 !
555 409 165 31 exclaimed
736 408 108 39 Claire,
861 407 55 31 her

99 480 134 30 courage
249 469 160 41 returning
424 469 73 32 with
519 469 52 32 the
595 469 213 32 re-aAvakened
829 480 87 21 sense

98 530 36 32 of
153 530 75 42 duty
240 545 6 26 ;
353 530 138 33 merciful
511 535 32 27 to
566 530 53 32 the
640 530 192 32 unfortunate
848 530 67 41 girl,

99 591 89 33 think
212 591 35 33 of
265 591 55 33 her
341 591 112 42 misery
469 591 60 32 and
549 591 54 32 her
624 591 45 32 sin
680 592 6 31 !
710 591 88 32 think
814 591 33 31 of
864 591 52 31 her

99 652 68 32 soul
194 652 46 32 for
266 664 72 20 ever
364 652 67 40 lost,
460 652 60 32 and
546 652 39 31 be
611 663 149 30 generous
785 652 131 31 towards

99 714 56 31 her
165 715 6 31 !
196 714 43 31 let
261 714 54 31 her
339 725 86 20 come
451 713 79 32 back
554 718 33 27 to
609 713 52 32 the
684 713 82 41 right
782 712 81 38 road,
880 712 36 32 clo

99 779 55 27 not
170 775 89 31 stand
276 774 30 31 in
323 773 52 33 the
391 785 68 29 way
476 773 34 32 of
528 773 54 32 her
599 773 150 32 salvation
759 774 6 31 !

146 836 44 31 M.
210 836 37 31 de
264 836 167 40 Moranges
447 834 61 32 laid
529 834 46 31 his
596 834 82 31 hand
694 845 39 20 on
749 834 46 31 his
811 834 108 32 niece's

101 907 75 29 arm,
204 895 129 42 uplifted
358 895 31 31 in
417 906 38 20 an
482 894 128 32 attitude
635 895 33 30 of
687 899 146 37 entreaty,
861 895 58 31 and

101 956 75 32 with
193 968 18 20 a
226 968 76 29 very
318 956 207 41 disagreeable
541 955 79 39 look,
623 975 43 3 —

342 1017 174 41 interposed
539 1017 46 40 he,
603 1016 141 42 harshly;
860 1016 58 32 this

102 1080 25 31 is
153 1084 57 26 not
233 1091 76 30 your
337 1090 69 20 own
434 1078 93 41 doing
536 1091 5 19 :
566 1089 60 31 you
649 1089 51 20 are
723 1077 132 42 obeying
869 1077 49 32 the

101 1140 193 42 promptings
311 1139 33 32 of
364 1151 83 20 some

145 1201 76 30 This
237 1200 137 31 restored
391 1200 99 31 Claire
506 1204 31 27 to
554 1199 117 32 herself.

176 1263 92 41 Upon
284 1274 53 29 my
348 1262 127 40 honour,
489 1262 57 31 no!
595 1261 54 31 she
665 1261 124 42 replied,
803 1261 113 42 firmly;

131 1336 93 30 every
244 1323 84 31 Avord
353 1323 16 31 I
393 1323 80 31 have
500 1322 118 31 uttered
642 1334 101 19 comes
766 1322 77 31 from
865 1322 51 31 the

99 1386 119 32 bottom
235 1385 34 32 of
286 1397 52 29 my
355 1397 68 19 OAvn
439 1385 87 31 heart

143 1447 100 33 There
268 1458 62 20 was
348 1458 39 19 no
412 1446 147 40 doubting
582 1446 54 31 her
657 1445 45 32 for
729 1457 38 20 an
792 1446 123 30 instant.

99 1509 98 32 Truth
221 1520 65 21 was
311 1508 141 41 stamped
472 1519 82 30 upon
578 1519 91 30 every
687 1507 125 39 feature,
835 1518 80 30 upon

818 1574 15 13 K

155 1578 49 14 TOL.
219 1577 33 15 III.
