1079 1710
871 92 51 27 253

289 97 63 21 THE
376 97 103 21 NIGHT
501 98 38 20 OF
561 99 85 19 THAT
669 99 73 19 DAY.

103 173 97 32 under
224 174 52 32 the
303 187 128 30 nursery
457 175 32 32 of
507 176 55 32 her
583 175 89 40 child,
699 176 30 30 in
753 175 99 32 which
877 188 45 20 we

103 234 80 33 have
214 248 76 20 once
321 248 73 21 seen
421 237 98 33 Claire
551 237 182 33 established
764 237 109 41 during
903 248 18 21 a

105 297 94 42 slight
211 298 107 33 illness
336 299 33 32 of
386 299 77 32 little
487 299 138 32 Pierre's.
670 298 65 33 The
751 303 171 38 apartment

106 359 152 33 consisted
292 360 33 32 of
353 360 86 32 three
477 372 109 28 rooms,
624 372 18 20 a
675 360 138 42 spacious
848 360 73 32 bed-

106 420 154 41 chamber,
279 433 18 20 a
320 422 148 41 tolerably
494 422 83 42 large
599 422 111 40 saloon,
728 422 60 31 and
812 426 53 27 out
889 422 30 31 of

105 482 53 31 the
185 483 90 31 latter
305 495 19 19 a
353 483 134 32 boudoir.
544 483 52 31 All
633 484 109 30 looked
774 484 63 31 into
871 484 51 31 the

107 543 124 42 garden.
279 544 99 31 Claire
409 556 64 20 was
507 544 105 32 seated
640 544 32 31 in
701 545 51 30 the
786 545 134 40 boudoir,

106 606 56 31 but
182 606 53 31 the
260 606 74 31 door
358 607 63 31 into
441 607 52 31 the
517 607 103 31 saloon
646 607 87 31 stood
753 618 86 29 open,
860 607 60 32 and

106 667 53 31 the
176 667 57 31 soft
251 667 77 41 light
351 667 74 31 shed
446 668 42 40 by
504 679 57 19 one
584 667 82 41 lamp
689 667 124 31 showed
828 668 94 41 dimly

105 728 53 32 the
175 729 69 31 blue
265 729 126 30 damask
409 728 153 41 hangings
582 728 34 31 of
630 728 53 31 the
707 728 99 41 larger
821 740 95 29 room,

105 789 61 31 and
192 801 18 19 a
240 789 179 41 beautifully
454 789 150 41 arranged
629 789 174 42 jardiniere
841 790 81 32 filled

105 849 72 31 with
203 849 83 31 ferns
313 849 59 31 and
396 849 74 40 pink
496 853 110 27 cactus.
653 849 51 30 An
728 849 85 31 inner
837 850 85 30 stair-

107 922 68 20 case
199 910 244 31 communicated
465 909 74 31 with
561 909 52 31 the
630 910 103 31 saloon
746 923 6 27 ;
777 910 60 31 and
859 922 61 30 any

107 983 57 20 one
191 971 131 41 wishing
345 976 32 26 to
401 970 91 32 reach
518 971 52 31 the
597 971 126 31 boudoir
746 976 81 27 must
857 972 65 31 first

107 1044 86 21 come
209 1033 136 39 through
359 1033 52 31 the
427 1033 89 31 latter
531 1044 92 20 room.

151 1095 125 31 Claire's
293 1098 65 28 seat
374 1104 63 21 was
456 1093 40 42 by
511 1093 52 32 the
584 1093 61 40 fire,
664 1105 38 20 on
718 1105 18 20 a
751 1094 59 32 low
826 1094 91 41 chair,

106 1156 82 42 right
213 1154 139 44 opposite
374 1160 33 27 to
429 1154 52 32 the
505 1155 74 31 door
601 1155 29 31 in
654 1156 145 40 question,
823 1156 98 31 which

107 1218 53 31 she
184 1216 62 32 had
269 1216 118 42 opened
410 1227 39 21 on
474 1221 128 26 account
625 1215 34 32 of
676 1216 52 32 the
751 1217 169 31 occasional

106 1279 99 31 whiffs
222 1278 33 32 of
275 1278 105 31 smoke
402 1277 67 32 that
490 1276 53 33 the
558 1276 81 32 wind
662 1276 99 32 forced
779 1276 75 33 from
869 1277 52 32 the

107 1341 150 40 chimney.
305 1339 81 31 How
410 1338 73 42 long
512 1337 53 32 she
595 1337 61 32 had
680 1342 46 27 sat
755 1338 84 32 there
867 1338 54 31 she

107 1401 135 41 scarcely
266 1400 99 40 knew,
391 1398 115 42 taking,
533 1410 33 20 as
594 1397 51 33 she
671 1398 58 38 did,
755 1399 56 31 but
835 1399 86 31 small

105 1468 72 25 note
195 1461 33 32 of
239 1460 84 32 time.

149 1524 53 32 All
218 1534 63 20 was
297 1533 75 29 very
389 1520 68 41 still,
475 1525 109 37 except
599 1521 46 31 for
659 1520 52 32 the
728 1520 111 32 sounds
855 1520 66 33 that
