1079 1710
873 92 52 25 249

299 97 152 21 FREEDOM
473 99 73 19 WON
568 99 67 19 AND
658 99 81 19 LOST.

107 183 46 21 we
170 184 51 21 are
239 179 54 27 not
315 175 80 32 back
410 176 31 31 in
463 177 62 31 this
548 188 93 29 room,
660 177 15 31 I
698 176 153 32 authorise
867 187 59 30 you

107 237 32 28 to
156 245 86 22 come
259 236 60 31 and
341 241 71 27 turn
435 248 36 21 us
493 237 75 32 both
591 237 147 43 pitilessly
754 242 61 27 out.
862 237 64 30 Ten

108 294 142 34 minutes'
268 297 84 41 quiet
368 298 65 32 talk
449 310 57 21 can
522 298 94 41 injure
632 310 40 21 no

152 358 66 31 The
246 359 88 32 uncle
362 360 58 32 and
452 361 130 42 nephew
608 365 80 27 went
702 374 6 27 ;
743 359 68 41 and,
838 359 88 32 when

107 417 75 42 they
208 420 124 32 entered
357 421 145 32 Madame
530 421 170 32 Claudine's
730 432 93 28 room,
854 420 72 40 they

108 478 94 33 found
226 480 55 32 her
308 482 104 31 seated
440 482 31 31 in
499 494 18 19 a
545 482 82 41 huge
660 481 163 32 arm-chair
853 480 73 31 with

108 539 55 32 her
185 540 61 33 feet
268 553 83 31 upon
373 542 52 32 the
449 542 112 40 fender,
581 543 59 31 and
655 542 117 41 though
792 541 73 32 with
887 541 39 31 all

108 601 51 32 the
187 603 103 32 marks
318 603 33 32 of
371 615 102 20 severe
499 608 104 27 recent
627 603 101 32 illness
760 602 60 32 still
845 613 81 30 upon

107 662 55 31 her
188 663 75 41 face,
283 664 124 42 looking
439 664 183 32 handsomer
648 664 74 31 than
749 663 94 39 usual,
868 662 58 32 and

108 724 54 32 full
179 725 33 31 of
223 726 137 39 peaceful
373 731 218 27 contentment.

151 787 44 31 M.
227 787 37 31 de
292 787 184 32 Beauvoisin
501 788 103 31 kissed
633 787 51 31 the
716 786 81 31 hand
823 786 34 31 of
879 786 47 31 his

107 847 101 32 future
227 854 83 35 aunt,
329 849 153 41 imparted
495 854 33 26 to
544 849 55 31 her
616 848 51 31 the
683 848 144 31 welcome
843 859 83 19 news

107 909 151 31 intrusted
273 914 32 26 to
329 909 61 30 him
414 909 42 41 by
471 908 48 31 his
543 908 96 40 uncle,
657 908 60 31 and
732 907 105 32 talked
852 906 74 33 with

108 982 18 19 a
149 971 121 40 fluency
285 970 68 31 that
378 970 47 31 his
452 969 123 31 hearers
595 981 77 19 were
698 969 111 41 wholly
834 979 92 20 unac-

107 1031 160 32 customed
282 1036 31 26 to
330 1042 38 19 on
384 1031 47 30 his
446 1035 76 36 part.

182 1092 71 31 You
269 1103 51 19 are
338 1103 18 19 a
371 1091 80 41 good
472 1090 107 40 fellow,
761 1090 165 31 exclaimed

107 1154 42 31 M.
184 1153 36 31 de
258 1153 174 40 Moranges,
464 1152 123 41 putting
616 1151 46 31 his
700 1151 82 31 hand
812 1163 39 19 on
880 1151 46 32 his

107 1215 159 41 nephew's
292 1213 141 32 shoulder
444 1226 6 27 ;
520 1213 59 30 and
611 1212 14 31 I
651 1212 76 31 shall
752 1218 52 25 not
829 1212 99 41 forget

108 1275 69 32 how
199 1287 61 29 you
287 1275 79 31 have
391 1274 139 31 received
555 1273 53 31 the
633 1279 243 26 announcement
898 1274 30 31 of

105 1336 53 33 the
181 1341 92 27 event
296 1335 97 32 which
414 1347 32 19 so
468 1335 104 41 nearly
591 1335 126 31 touches
741 1347 48 19 me
804 1348 6 19 :
835 1347 92 29 many

107 1398 130 32 another
264 1397 102 32 would
389 1396 78 31 have
490 1408 56 19 run
570 1396 98 40 sulky,
694 1396 135 31 whereas
856 1407 69 29 you,

102 1473 42 20 on
175 1459 54 32 the
265 1463 150 36 contrary,
441 1458 15 30 I
490 1469 95 20 never
613 1469 63 20 saw
706 1469 60 29 you
796 1457 30 31 in
852 1457 75 32 such

103 1522 104 41 spirits
224 1521 30 31 in
270 1520 40 32 all
326 1531 77 31 your
