1079 1710
342 429 205 31 CHAPTER
580 430 102 30 XVII.

210 526 123 21 BEFORE
357 526 66 20 AND
448 527 111 20 AFTER.
563 536 43 3 —
607 527 204 20 CONCLUSION.

144 603 35 31 It
196 603 25 31 is
237 609 54 25 not
307 603 82 42 quite
405 603 86 32 three
507 615 88 30 years
612 604 82 31 since
710 604 41 31 M.
767 604 37 31 de
824 604 99 31 Beau-

99 665 99 31 voisin
214 666 68 31 died
293 679 6 27 ;
324 666 24 31 it
364 677 63 20 was
448 666 31 30 in
499 666 53 31 the
574 666 105 41 spring
700 665 34 32 of
754 667 91 39 1866,
863 665 59 32 and

98 726 53 32 the
168 731 91 27 event
276 727 100 31 would
391 727 78 31 have
488 727 124 31 created
628 739 18 19 a
663 732 139 35 stronger
818 738 104 20 sensa-

97 787 65 31 tion
177 787 76 32 than
269 787 24 31 it
309 788 51 31 did
381 788 62 31 had
458 788 22 31 it
496 792 53 27 not
564 788 79 31 been
663 787 45 31 for
730 787 52 32 the
805 787 117 32 intense

95 847 128 41 anxiety
240 847 54 31 felt
316 847 149 41 touching
487 847 54 31 the
558 859 73 28 war,
649 846 102 31 which
774 858 148 30 everyone

97 908 94 31 knew
206 912 32 27 to
254 908 39 31 be
309 908 191 41 impending,
523 908 60 31 and
599 908 109 37 which,
726 908 30 30 in
773 919 18 20 a
806 908 115 31 certain

95 973 136 27 stratum
254 968 34 31 of
309 969 125 41 society,
453 969 151 31 absorbed
624 970 94 30 men's
742 968 99 32 minds
862 969 60 31 and

96 1030 172 42 prevented
287 1030 86 31 them
392 1030 78 31 from
493 1030 170 41 attending,
682 1042 34 19 as
732 1030 74 41 they
822 1030 100 32 would

98 1090 161 32 otherwise
280 1090 79 32 have
380 1090 86 41 done,
484 1095 32 27 to
532 1090 53 32 the
607 1102 197 20 occurrences
820 1090 100 32 which

97 1151 163 41 happened
276 1156 33 26 at
323 1151 80 31 their
419 1163 69 19 own
506 1151 99 32 doors.

141 1213 30 31 It
195 1224 65 19 was
287 1211 75 42 duly
385 1211 128 32 averred
539 1211 68 31 that
629 1210 115 33 Olivier
767 1211 61 31 had
852 1212 68 32 died

94 1274 154 41 suddenly
271 1273 77 32 from
372 1273 119 31 disease
515 1273 34 31 of
568 1273 51 31 the
643 1272 95 41 heart,
763 1273 61 31 and
847 1273 73 33 with

93 1335 78 40 that,
189 1334 76 32 both
281 1334 52 32 the
349 1333 95 32 world
460 1338 33 27 at
508 1334 84 41 large
615 1334 62 31 and
697 1334 54 32 the
773 1334 147 32 so-called

94 1396 142 33 intimate
252 1395 123 39 friends,
392 1395 105 32 rested
513 1395 143 32 satisfied.

137 1457 103 33 When
257 1457 102 32 Claire
375 1457 94 31 found
485 1457 115 32 herself
618 1457 32 31 in
665 1457 53 31 the
734 1457 67 32 face
817 1457 34 31 of
868 1457 51 32 the

94 1518 89 40 dead,
208 1518 54 33 she
282 1517 163 33 wondered
469 1522 32 27 at
523 1517 51 32 the
600 1522 123 36 strange
749 1518 79 32 calm
852 1518 68 32 that
