<?xml version="1.0" encoding="UTF-8"?>
<alto xmlns:xsi="http://www.w3.org/2001/XMLSchema-instance" xsi:noNamespaceSchemaLocation="http://www.bl.uk/schemas/alto/alto-1-4.xsd" xmlns:xlink="http://www.w3.org/1999/xlink">
	<Description>
		<MeasurementUnit>mm10</MeasurementUnit>
		<sourceImageInformation>
			<fileName>//head1/IN/2007-46/A0010888503.3/008200.jp2</fileName>
		</sourceImageInformation>
		<OCRProcessing ID="OCRPROCESSING_1">
			<preProcessingStep>
				<processingSoftware>
					<softwareCreator>CCS Content Conversion Specialists GmbH, Germany</softwareCreator>
					<softwareName>CCS docWORKS</softwareName>
					<softwareVersion>6.1-0.62</softwareVersion>
				</processingSoftware>
			</preProcessingStep>
			<ocrProcessingStep>
				<processingSoftware>
					<softwareCreator>ABBYY (BIT Software), Russia</softwareCreator>
					<softwareName>Finereader</softwareName>
				</processingSoftware>
			</ocrProcessingStep>
		</OCRProcessing>
	</Description>
	<Styles>
		<TextStyle ID="TXT_0" FONTSIZE="11" FONTFAMILY="Courier New"/>
		<TextStyle ID="TXT_1" FONTSIZE="10" FONTFAMILY="Courier New"/>
		<ParagraphStyle ID="PAR_LEFT" ALIGN="Left"/>
		<ParagraphStyle ID="PAR_RIGHT" ALIGN="Right"/>
	</Styles>
	<Layout>
		<Page ID="P218" PHYSICAL_IMG_NR="218" HEIGHT="1710" WIDTH="1079" PRINTED_IMG_NR="208" POSITION="Left" ACCURACY="74.93">
			<TopMargin ID="P218_TM00001" HPOS="0" VPOS="0" WIDTH="1078" HEIGHT="93">
				<TextBlock ID="P218_TB00001" HPOS="161" VPOS="66" WIDTH="53" HEIGHT="26" STYLEREFS="TXT_0 PAR_LEFT">
					<TextLine ID="P218_TL00001" HPOS="161" VPOS="66" WIDTH="53" HEIGHT="26">
						<String ID="P218_ST00001" HPOS="161" VPOS="66" WIDTH="53" HEIGHT="26" CONTENT="208" WC="1.00" CC="000"/>
					</TextLine>
				</TextBlock>
				<TextBlock ID="P218_TB00002" HPOS="397" VPOS="71" WIDTH="358" HEIGHT="22" STYLEREFS="TXT_1 PAR_RIGHT">
					<TextLine ID="P218_TL00002" HPOS="398" VPOS="71" WIDTH="357" HEIGHT="22">
						<String ID="P218_ST00002" HPOS="398" VPOS="72" WIDTH="82" HEIGHT="21" CONTENT="LOVE" WC="0.62" CC="3054"/>
						<SP ID="P218_SP00001" HPOS="480" VPOS="93" WIDTH="24"/>
						<String ID="P218_ST00003" HPOS="504" VPOS="72" WIDTH="64" HEIGHT="21" CONTENT="THE" WC="0.38" CC="854"/>
						<SP ID="P218_SP00002" HPOS="568" VPOS="93" WIDTH="24"/>
						<String ID="P218_ST00004" HPOS="592" VPOS="71" WIDTH="163" HEIGHT="22" CONTENT="AVENGER." WC="0.76" CC="07006050"/>
					</TextLine>
				</TextBlock>
			</TopMargin>
			<LeftMargin ID="P218_LM00001" HPOS="0" VPOS="93" WIDTH="144" HEIGHT="1445"/>
			<RightMargin ID="P218_RM00001" HPOS="993" VPOS="93" WIDTH="85" HEIGHT="1445"/>
			<BottomMargin ID="P218_BM00001" HPOS="0" VPOS="1538" WIDTH="1078" HEIGHT="172"/>
			<PrintSpace ID="P218_PS00001" HPOS="144" VPOS="93" WIDTH="849" HEIGHT="1445">
				<TextBlock ID="P218_TB00003" HPOS="160" VPOS="145" WIDTH="833" HEIGHT="108" STYLEREFS="TXT_1 PAR_LEFT">
					<TextLine ID="P218_TL00003" HPOS="161" VPOS="146" WIDTH="832" HEIGHT="46">
						<String ID="P218_ST00005" HPOS="161" VPOS="150" WIDTH="73" HEIGHT="32" CONTENT="than" WC="0.50" CC="5707"/>
						<SP ID="P218_SP00003" HPOS="234" VPOS="182" WIDTH="23"/>
						<String ID="P218_ST00006" HPOS="257" VPOS="151" WIDTH="144" HEIGHT="41" CONTENT="probable" WC="0.66" CC="07270640"/>
						<String ID="P218_ST00007" HPOS="414" VPOS="163" WIDTH="6" HEIGHT="27" CONTENT=";" WC="0.89" CC="1"/>
						<SP ID="P218_SP00004" HPOS="420" VPOS="192" WIDTH="24"/>
						<String ID="P218_ST00008" HPOS="444" VPOS="149" WIDTH="56" HEIGHT="32" CONTENT="but" WC="0.50" CC="752"/>
						<SP ID="P218_SP00005" HPOS="500" VPOS="192" WIDTH="16"/>
						<String ID="P218_ST00009" HPOS="516" VPOS="148" WIDTH="99" HEIGHT="41" CONTENT="when," WC="0.59" CC="09073"/>
						<SP ID="P218_SP00006" HPOS="615" VPOS="192" WIDTH="19"/>
						<String ID="P218_ST00010" HPOS="634" VPOS="148" WIDTH="25" HEIGHT="32" CONTENT="is" WC="0.62" CC="24"/>
						<SP ID="P218_SP00007" HPOS="659" VPOS="192" WIDTH="24"/>
						<String ID="P218_ST00011" HPOS="683" VPOS="160" WIDTH="19" HEIGHT="19" CONTENT="a" WC="1.00" CC="0"/>
						<SP ID="P218_SP00008" HPOS="702" VPOS="192" WIDTH="22"/>
						<String ID="P218_ST00012" HPOS="724" VPOS="147" WIDTH="110" HEIGHT="42" CONTENT="totally" WC="1.00" CC="0000000"/>
						<SP ID="P218_SP00009" HPOS="834" VPOS="192" WIDTH="18"/>
						<String ID="P218_ST00013" HPOS="852" VPOS="146" WIDTH="141" HEIGHT="32" CONTENT="different" WC="0.87" CC="000004006"/>
					</TextLine>
					<TextLine ID="P218_TL00004" HPOS="162" VPOS="212" WIDTH="116" HEIGHT="41">
						<String ID="P218_ST00014" HPOS="162" VPOS="212" WIDTH="116" HEIGHT="41" CONTENT='thing."' WC="0.71" CC="6710004"/>
					</TextLine>
				</TextBlock>
				<TextBlock ID="P218_TB00004" HPOS="155" VPOS="270" WIDTH="833" HEIGHT="230" STYLEREFS="TXT_1 PAR_LEFT">
					<TextLine ID="P218_TL00005" HPOS="205" VPOS="270" WIDTH="783" HEIGHT="45">
						<String ID="P218_ST00015" HPOS="205" VPOS="274" WIDTH="137" HEIGHT="40" CONTENT='"Well,"' WC="0.79" CC="4000512"/>
						<SP ID="P218_SP00010" HPOS="342" VPOS="314" WIDTH="28"/>
						<String ID="P218_ST00016" HPOS="370" VPOS="272" WIDTH="190" HEIGHT="43" CONTENT="interrupted" WC="0.72" CC="04460660100"/>
						<SP ID="P218_SP00011" HPOS="560" VPOS="315" WIDTH="24"/>
						<String ID="P218_ST00017" HPOS="584" VPOS="271" WIDTH="146" HEIGHT="32" CONTENT="Madame" WC="1.00" CC="000000"/>
						<SP ID="P218_SP00012" HPOS="730" VPOS="315" WIDTH="23"/>
						<String ID="P218_ST00018" HPOS="753" VPOS="271" WIDTH="38" HEIGHT="32" CONTENT="de" WC="1.00" CC="00"/>
						<SP ID="P218_SP00013" HPOS="791" VPOS="315" WIDTH="24"/>
						<String ID="P218_ST00019" HPOS="815" VPOS="270" WIDTH="173" HEIGHT="42" CONTENT="Varignan," WC="0.73" CC="606000073"/>
					</TextLine>
					<TextLine ID="P218_TL00006" HPOS="161" VPOS="333" WIDTH="827" HEIGHT="44">
						<String ID="P218_ST00020" HPOS="161" VPOS="338" WIDTH="16" HEIGHT="13" CONTENT='"' WC="0.54" CC="4"/>
						<SP ID="P218_SP00014" HPOS="177" VPOS="351" WIDTH="14"/>
						<String ID="P218_ST00021" HPOS="191" VPOS="336" WIDTH="16" HEIGHT="31" CONTENT="I" WC="0.51" CC="4"/>
						<SP ID="P218_SP00015" HPOS="207" VPOS="367" WIDTH="16"/>
						<String ID="P218_ST00022" HPOS="223" VPOS="336" WIDTH="155" HEIGHT="32" CONTENT="shouldn't" WC="0.70" CC="670600500"/>
						<SP ID="P218_SP00016" HPOS="378" VPOS="368" WIDTH="16"/>
						<String ID="P218_ST00023" HPOS="394" VPOS="336" WIDTH="89" HEIGHT="41" CONTENT="fancy" WC="0.77" CC="28000"/>
						<SP ID="P218_SP00017" HPOS="483" VPOS="377" WIDTH="16"/>
						<String ID="P218_ST00024" HPOS="499" VPOS="335" WIDTH="68" HEIGHT="32" CONTENT="that" WC="0.72" CC="0703"/>
						<SP ID="P218_SP00018" HPOS="567" VPOS="377" WIDTH="16"/>
						<String ID="P218_ST00025" HPOS="583" VPOS="334" WIDTH="43" HEIGHT="32" CONTENT="M." WC="1.00" CC="00"/>
						<SP ID="P218_SP00019" HPOS="626" VPOS="377" WIDTH="21"/>
						<String ID="P218_ST00026" HPOS="647" VPOS="333" WIDTH="36" HEIGHT="33" CONTENT="de" WC="1.00" CC="00"/>
						<SP ID="P218_SP00020" HPOS="683" VPOS="377" WIDTH="17"/>
						<String ID="P218_ST00027" HPOS="700" VPOS="334" WIDTH="170" HEIGHT="41" CONTENT="Moranges" WC="0.76" CC="00605006"/>
						<SP ID="P218_SP00021" HPOS="870" VPOS="377" WIDTH="14"/>
						<String ID="P218_ST00028" HPOS="884" VPOS="333" WIDTH="104" HEIGHT="32" CONTENT="would" WC="0.82" CC="00350"/>
					</TextLine>
					<TextLine ID="P218_TL00007" HPOS="158" VPOS="395" WIDTH="829" HEIGHT="44">
						<String ID="P218_ST00029" HPOS="158" VPOS="398" WIDTH="38" HEIGHT="31" CONTENT="be" WC="0.71" CC="50"/>
						<SP ID="P218_SP00022" HPOS="196" VPOS="429" WIDTH="16"/>
						<String ID="P218_ST00030" HPOS="212" VPOS="398" WIDTH="45" HEIGHT="31" CONTENT="for" WC="0.80" CC="005"/>
						<SP ID="P218_SP00023" HPOS="257" VPOS="429" WIDTH="16"/>
						<String ID="P218_ST00031" HPOS="273" VPOS="398" WIDTH="154" HEIGHT="32" CONTENT="indefinite" WC="0.78" CC="5600001510"/>
						<SP ID="P218_SP00024" HPOS="427" VPOS="430" WIDTH="24"/>
						<String ID="P218_ST00032" HPOS="451" VPOS="397" WIDTH="114" HEIGHT="42" CONTENT="delays." WC="0.86" CC="0050030"/>
						<SP ID="P218_SP00025" HPOS="565" VPOS="439" WIDTH="52"/>
						<String ID="P218_ST00033" HPOS="617" VPOS="396" WIDTH="77" HEIGHT="31" CONTENT="Men" WC="0.91" CC="002"/>
						<SP ID="P218_SP00026" HPOS="694" VPOS="439" WIDTH="26"/>
						<String ID="P218_ST00034" HPOS="720" VPOS="400" WIDTH="32" HEIGHT="27" CONTENT="at" WC="0.97" CC="00"/>
						<SP ID="P218_SP00027" HPOS="752" VPOS="439" WIDTH="24"/>
						<String ID="P218_ST00035" HPOS="776" VPOS="395" WIDTH="48" HEIGHT="32" CONTENT="his" WC="0.50" CC="752"/>
						<SP ID="P218_SP00028" HPOS="824" VPOS="439" WIDTH="28"/>
						<String ID="P218_ST00036" HPOS="852" VPOS="407" WIDTH="59" HEIGHT="30" CONTENT="age" WC="1.00" CC="000"/>
						<SP ID="P218_SP00029" HPOS="911" VPOS="439" WIDTH="24"/>
						<String ID="P218_ST00037" HPOS="935" VPOS="407" WIDTH="52" HEIGHT="20" CONTENT="are" WC="0.72" CC="052"/>
					</TextLine>
					<TextLine ID="P218_TL00008" HPOS="156" VPOS="460" WIDTH="329" HEIGHT="40">
						<String ID="P218_ST00038" HPOS="156" VPOS="460" WIDTH="111" HEIGHT="40" CONTENT="mostly" WC="0.83" CC="002060"/>
						<SP ID="P218_SP00030" HPOS="267" VPOS="500" WIDTH="17"/>
						<String ID="P218_ST00039" HPOS="284" VPOS="460" WIDTH="30" HEIGHT="31" CONTENT="in" WC="0.73" CC="05"/>
						<SP ID="P218_SP00031" HPOS="314" VPOS="500" WIDTH="17"/>
						<String ID="P218_ST00040" HPOS="331" VPOS="471" WIDTH="18" HEIGHT="20" CONTENT="a" WC="1.00" CC="0"/>
						<SP ID="P218_SP00032" HPOS="349" VPOS="500" WIDTH="14"/>
						<String ID="P218_ST00041" HPOS="363" VPOS="460" WIDTH="122" HEIGHT="40" CONTENT='hurry."' WC="0.52" CC="7776005"/>
					</TextLine>
				</TextBlock>
				<TextBlock ID="P218_TB00005" HPOS="150" VPOS="519" WIDTH="833" HEIGHT="338" STYLEREFS="TXT_1 PAR_LEFT">
					<TextLine ID="P218_TL00009" HPOS="201" VPOS="519" WIDTH="782" HEIGHT="44">
						<String ID="P218_ST00042" HPOS="201" VPOS="522" WIDTH="17" HEIGHT="14" CONTENT='"' WC="0.45" CC="5"/>
						<SP ID="P218_SP00033" HPOS="218" VPOS="536" WIDTH="11"/>
						<String ID="P218_ST00043" HPOS="229" VPOS="521" WIDTH="81" HEIGHT="32" CONTENT="That" WC="0.75" CC="0702"/>
						<SP ID="P218_SP00034" HPOS="310" VPOS="553" WIDTH="24"/>
						<String ID="P218_ST00044" HPOS="334" VPOS="532" WIDTH="71" HEIGHT="31" CONTENT="may" WC="0.78" CC="060"/>
						<SP ID="P218_SP00035" HPOS="405" VPOS="563" WIDTH="27"/>
						<String ID="P218_ST00045" HPOS="432" VPOS="521" WIDTH="37" HEIGHT="32" CONTENT="be" WC="0.71" CC="50"/>
						<SP ID="P218_SP00036" HPOS="469" VPOS="563" WIDTH="25"/>
						<String ID="P218_ST00046" HPOS="494" VPOS="521" WIDTH="83" HEIGHT="40" CONTENT='too,"' WC="0.77" CC="42003"/>
						<SP ID="P218_SP00037" HPOS="577" VPOS="563" WIDTH="28"/>
						<String ID="P218_ST00047" HPOS="605" VPOS="520" WIDTH="115" HEIGHT="42" CONTENT="replied" WC="0.88" CC="4003000"/>
						<SP ID="P218_SP00038" HPOS="720" VPOS="563" WIDTH="27"/>
						<String ID="P218_ST00048" HPOS="747" VPOS="520" WIDTH="109" HEIGHT="40" CONTENT="Henri," WC="0.58" CC="507550"/>
						<SP ID="P218_SP00039" HPOS="856" VPOS="563" WIDTH="26"/>
						<String ID="P218_ST00049" HPOS="882" VPOS="520" WIDTH="31" HEIGHT="31" CONTENT="in" WC="0.50" CC="54"/>
						<SP ID="P218_SP00040" HPOS="913" VPOS="563" WIDTH="24"/>
						<String ID="P218_ST00050" HPOS="937" VPOS="519" WIDTH="46" HEIGHT="33" CONTENT="his" WC="0.40" CC="754"/>
					</TextLine>
					<TextLine ID="P218_TL00010" HPOS="154" VPOS="581" WIDTH="829" HEIGHT="43">
						<String ID="P218_ST00051" HPOS="154" VPOS="582" WIDTH="75" HEIGHT="41" CONTENT="cool," WC="0.92" CC="03000"/>
						<SP ID="P218_SP00041" HPOS="229" VPOS="623" WIDTH="18"/>
						<String ID="P218_ST00052" HPOS="247" VPOS="582" WIDTH="84" HEIGHT="42" CONTENT="quiet" WC="0.74" CC="06005"/>
						<SP ID="P218_SP00042" HPOS="331" VPOS="624" WIDTH="16"/>
						<String ID="P218_ST00053" HPOS="347" VPOS="594" WIDTH="68" HEIGHT="30" CONTENT="way" WC="0.37" CC="980"/>
						<SP ID="P218_SP00043" HPOS="415" VPOS="624" WIDTH="12"/>
						<String ID="P218_ST00054" HPOS="427" VPOS="596" WIDTH="6" HEIGHT="27" CONTENT=";" WC="0.78" CC="2"/>
						<SP ID="P218_SP00044" HPOS="433" VPOS="624" WIDTH="27"/>
						<String ID="P218_ST00055" HPOS="460" VPOS="584" WIDTH="16" HEIGHT="14" CONTENT='"' WC="0.23" CC="7"/>
						<SP ID="P218_SP00045" HPOS="476" VPOS="624" WIDTH="11"/>
						<String ID="P218_ST00056" HPOS="487" VPOS="582" WIDTH="56" HEIGHT="32" CONTENT="but" WC="0.67" CC="540"/>
						<SP ID="P218_SP00046" HPOS="543" VPOS="624" WIDTH="22"/>
						<String ID="P218_ST00057" HPOS="565" VPOS="582" WIDTH="37" HEIGHT="32" CONTENT="he" WC="0.64" CC="70"/>
						<SP ID="P218_SP00047" HPOS="602" VPOS="624" WIDTH="17"/>
						<String ID="P218_ST00058" HPOS="619" VPOS="582" WIDTH="24" HEIGHT="32" CONTENT="is" WC="0.53" CC="44"/>
						<SP ID="P218_SP00048" HPOS="643" VPOS="624" WIDTH="16"/>
						<String ID="P218_ST00059" HPOS="659" VPOS="587" WIDTH="56" HEIGHT="27" CONTENT="not" WC="0.69" CC="540"/>
						<SP ID="P218_SP00049" HPOS="715" VPOS="624" WIDTH="16"/>
						<String ID="P218_ST00060" HPOS="731" VPOS="581" WIDTH="54" HEIGHT="33" CONTENT="the" WC="0.80" CC="050"/>
						<SP ID="P218_SP00050" HPOS="785" VPOS="624" WIDTH="17"/>
						<String ID="P218_ST00061" HPOS="802" VPOS="581" WIDTH="73" HEIGHT="42" CONTENT="only" WC="0.81" CC="4020"/>
						<SP ID="P218_SP00051" HPOS="875" VPOS="624" WIDTH="16"/>
						<String ID="P218_ST00062" HPOS="891" VPOS="587" WIDTH="92" HEIGHT="37" CONTENT="party" WC="1.00" CC="00000"/>
					</TextLine>
					<TextLine ID="P218_TL00011" HPOS="153" VPOS="642" WIDTH="829" HEIGHT="44">
						<String ID="P218_ST00063" HPOS="153" VPOS="643" WIDTH="176" HEIGHT="40" CONTENT="concerned," WC="0.85" CC="0050042002"/>
						<SP ID="P218_SP00052" HPOS="329" VPOS="683" WIDTH="18"/>
						<String ID="P218_ST00064" HPOS="347" VPOS="643" WIDTH="60" HEIGHT="32" CONTENT="and" WC="0.76" CC="070"/>
						<SP ID="P218_SP00053" HPOS="407" VPOS="683" WIDTH="15"/>
						<String ID="P218_ST00065" HPOS="422" VPOS="642" WIDTH="53" HEIGHT="33" CONTENT="the" WC="0.75" CC="070"/>
						<SP ID="P218_SP00054" HPOS="475" VPOS="683" WIDTH="17"/>
						<String ID="P218_ST00066" HPOS="492" VPOS="643" WIDTH="138" HEIGHT="42" CONTENT="question" WC="0.68" CC="06062406"/>
						<SP ID="P218_SP00055" HPOS="630" VPOS="685" WIDTH="16"/>
						<String ID="P218_ST00067" HPOS="646" VPOS="655" WIDTH="62" HEIGHT="30" CONTENT="you" WC="0.88" CC="003"/>
						<SP ID="P218_SP00056" HPOS="708" VPOS="685" WIDTH="23"/>
						<String ID="P218_ST00068" HPOS="731" VPOS="655" WIDTH="52" HEIGHT="20" CONTENT="are" WC="0.80" CC="050"/>
						<SP ID="P218_SP00057" HPOS="783" VPOS="685" WIDTH="24"/>
						<String ID="P218_ST00069" HPOS="807" VPOS="643" WIDTH="127" HEIGHT="43" CONTENT="pleased" WC="0.88" CC="0200500"/>
						<SP ID="P218_SP00058" HPOS="934" VPOS="686" WIDTH="16"/>
						<String ID="P218_ST00070" HPOS="950" VPOS="648" WIDTH="32" HEIGHT="27" CONTENT="to" WC="1.00" CC="00"/>
					</TextLine>
					<TextLine ID="P218_TL00012" HPOS="152" VPOS="704" WIDTH="830" HEIGHT="43">
						<String ID="P218_ST00071" HPOS="152" VPOS="709" WIDTH="55" HEIGHT="37" CONTENT="put" WC="0.72" CC="070"/>
						<SP ID="P218_SP00059" HPOS="207" VPOS="746" WIDTH="30"/>
						<String ID="P218_ST00072" HPOS="237" VPOS="709" WIDTH="83" HEIGHT="27" CONTENT="must" WC="0.45" CC="3754"/>
						<SP ID="P218_SP00060" HPOS="320" VPOS="746" WIDTH="25"/>
						<String ID="P218_ST00073" HPOS="345" VPOS="704" WIDTH="119" HEIGHT="43" CONTENT="depend" WC="0.76" CC="009040"/>
						<SP ID="P218_SP00061" HPOS="464" VPOS="747" WIDTH="32"/>
						<String ID="P218_ST00074" HPOS="496" VPOS="704" WIDTH="169" HEIGHT="32" CONTENT="somewhat" WC="0.70" CC="53007600"/>
						<SP ID="P218_SP00062" HPOS="665" VPOS="747" WIDTH="30"/>
						<String ID="P218_ST00075" HPOS="695" VPOS="716" WIDTH="84" HEIGHT="31" CONTENT="upon" WC="0.85" CC="1040"/>
						<SP ID="P218_SP00063" HPOS="779" VPOS="747" WIDTH="30"/>
						<String ID="P218_ST00076" HPOS="809" VPOS="705" WIDTH="54" HEIGHT="31" CONTENT="the" WC="0.75" CC="070"/>
						<SP ID="P218_SP00064" HPOS="863" VPOS="747" WIDTH="32"/>
						<String ID="P218_ST00077" HPOS="895" VPOS="705" WIDTH="87" HEIGHT="32" CONTENT="other" WC="0.71" CC="06700"/>
					</TextLine>
					<TextLine ID="P218_TL00013" HPOS="151" VPOS="766" WIDTH="829" HEIGHT="42">
						<String ID="P218_ST00078" HPOS="151" VPOS="777" WIDTH="119" HEIGHT="31" CONTENT="person," WC="0.69" CC="0066160"/>
						<SP ID="P218_SP00065" HPOS="270" VPOS="808" WIDTH="14"/>
						<String ID="P218_ST00079" HPOS="284" VPOS="766" WIDTH="60" HEIGHT="31" CONTENT="and" WC="0.88" CC="030"/>
						<SP ID="P218_SP00066" HPOS="344" VPOS="808" WIDTH="15"/>
						<String ID="P218_ST00080" HPOS="359" VPOS="766" WIDTH="68" HEIGHT="31" CONTENT="that" WC="0.67" CC="5601"/>
						<SP ID="P218_SP00067" HPOS="427" VPOS="808" WIDTH="15"/>
						<String ID="P218_ST00081" HPOS="442" VPOS="777" WIDTH="111" HEIGHT="31" CONTENT="person" WC="0.68" CC="006317"/>
						<SP ID="P218_SP00068" HPOS="553" VPOS="808" WIDTH="16"/>
						<String ID="P218_ST00082" HPOS="569" VPOS="766" WIDTH="25" HEIGHT="31" CONTENT="is" WC="0.47" CC="46"/>
						<SP ID="P218_SP00069" HPOS="594" VPOS="808" WIDTH="17"/>
						<String ID="P218_ST00083" HPOS="611" VPOS="766" WIDTH="65" HEIGHT="31" CONTENT="said" WC="0.73" CC="6040"/>
						<SP ID="P218_SP00070" HPOS="676" VPOS="808" WIDTH="16"/>
						<String ID="P218_ST00084" HPOS="692" VPOS="770" WIDTH="32" HEIGHT="27" CONTENT="to" WC="1.00" CC="00"/>
						<SP ID="P218_SP00071" HPOS="724" VPOS="808" WIDTH="16"/>
						<String ID="P218_ST00085" HPOS="740" VPOS="766" WIDTH="38" HEIGHT="32" CONTENT="be" WC="0.82" CC="30"/>
						<SP ID="P218_SP00072" HPOS="778" VPOS="808" WIDTH="18"/>
						<String ID="P218_ST00086" HPOS="796" VPOS="778" WIDTH="33" HEIGHT="20" CONTENT="so" WC="0.46" CC="64"/>
						<SP ID="P218_SP00073" HPOS="829" VPOS="808" WIDTH="17"/>
						<String ID="P218_ST00087" HPOS="846" VPOS="779" WIDTH="75" HEIGHT="29" CONTENT="very" WC="0.78" CC="3050"/>
						<SP ID="P218_SP00074" HPOS="921" VPOS="808" WIDTH="17"/>
						<String ID="P218_ST00088" HPOS="938" VPOS="767" WIDTH="42" HEIGHT="41" CONTENT="ill," WC="0.76" CC="6011"/>
					</TextLine>
					<TextLine ID="P218_TL00014" HPOS="152" VPOS="826" WIDTH="170" HEIGHT="31">
						<String ID="P218_ST00089" HPOS="152" VPOS="826" WIDTH="66" HEIGHT="31" CONTENT="that" WC="0.87" CC="0005"/>
						<SP ID="P218_SP00075" HPOS="218" VPOS="857" WIDTH="89"/>
						<String ID="P218_ST00090" HPOS="307" VPOS="827" WIDTH="15" HEIGHT="13" CONTENT='"' WC="0.76" CC="2"/>
					</TextLine>
				</TextBlock>
				<TextBlock ID="P218_TB00006" HPOS="147" VPOS="887" WIDTH="830" HEIGHT="407" STYLEREFS="TXT_1 PAR_LEFT">
					<TextLine ID="P218_TL00015" HPOS="196" VPOS="887" WIDTH="781" HEIGHT="42">
						<String ID="P218_ST00091" HPOS="196" VPOS="890" WIDTH="16" HEIGHT="12" CONTENT='"' WC="0.61" CC="3"/>
						<SP ID="P218_SP00076" HPOS="212" VPOS="902" WIDTH="11"/>
						<String ID="P218_ST00092" HPOS="223" VPOS="888" WIDTH="81" HEIGHT="31" CONTENT="That" WC="0.48" CC="0775"/>
						<SP ID="P218_SP00077" HPOS="304" VPOS="919" WIDTH="16"/>
						<String ID="P218_ST00093" HPOS="320" VPOS="888" WIDTH="52" HEIGHT="31" CONTENT="she" WC="0.54" CC="670"/>
						<SP ID="P218_SP00078" HPOS="372" VPOS="919" WIDTH="17"/>
						<String ID="P218_ST00094" HPOS="389" VPOS="887" WIDTH="133" HEIGHT="42" CONTENT="actually" WC="0.79" CC="00050560"/>
						<SP ID="P218_SP00079" HPOS="522" VPOS="929" WIDTH="17"/>
						<String ID="P218_ST00095" HPOS="539" VPOS="888" WIDTH="82" HEIGHT="31" CONTENT="can't" WC="0.86" CC="00500"/>
						<SP ID="P218_SP00080" HPOS="621" VPOS="929" WIDTH="15"/>
						<String ID="P218_ST00096" HPOS="636" VPOS="887" WIDTH="38" HEIGHT="32" CONTENT="be" WC="0.75" CC="40"/>
						<SP ID="P218_SP00081" HPOS="674" VPOS="929" WIDTH="16"/>
						<String ID="P218_ST00097" HPOS="690" VPOS="888" WIDTH="132" HEIGHT="32" CONTENT="married" WC="0.80" CC="0056100"/>
						<SP ID="P218_SP00082" HPOS="822" VPOS="929" WIDTH="12"/>
						<String ID="P218_ST00098" HPOS="834" VPOS="890" WIDTH="6" HEIGHT="31" CONTENT="!" WC="1.00" CC="0"/>
						<SP ID="P218_SP00083" HPOS="840" VPOS="929" WIDTH="14"/>
						<String ID="P218_ST00099" HPOS="854" VPOS="890" WIDTH="16" HEIGHT="11" CONTENT='"' WC="0.66" CC="3"/>
						<SP ID="P218_SP00084" HPOS="870" VPOS="929" WIDTH="25"/>
						<String ID="P218_ST00100" HPOS="895" VPOS="890" WIDTH="82" HEIGHT="31" CONTENT="cried" WC="0.80" CC="05400"/>
					</TextLine>
					<TextLine ID="P218_TL00016" HPOS="150" VPOS="948" WIDTH="827" HEIGHT="45">
						<String ID="P218_ST00101" HPOS="150" VPOS="949" WIDTH="52" HEIGHT="32" CONTENT="the" WC="0.76" CC="070"/>
						<SP ID="P218_SP00085" HPOS="202" VPOS="981" WIDTH="24"/>
						<String ID="P218_ST00102" HPOS="226" VPOS="949" WIDTH="167" HEIGHT="41" CONTENT="Duchesse," WC="0.80" CC="060700102"/>
						<SP ID="P218_SP00086" HPOS="393" VPOS="990" WIDTH="18"/>
						<String ID="P218_ST00103" HPOS="411" VPOS="948" WIDTH="73" HEIGHT="33" CONTENT="with" WC="0.55" CC="8080"/>
						<SP ID="P218_SP00087" HPOS="484" VPOS="990" WIDTH="29"/>
						<String ID="P218_ST00104" HPOS="513" VPOS="961" WIDTH="57" HEIGHT="19" CONTENT="one" WC="0.75" CC="070"/>
						<SP ID="P218_SP00088" HPOS="570" VPOS="990" WIDTH="27"/>
						<String ID="P218_ST00105" HPOS="597" VPOS="949" WIDTH="34" HEIGHT="31" CONTENT="of" WC="1.00" CC="00"/>
						<SP ID="P218_SP00089" HPOS="631" VPOS="990" WIDTH="17"/>
						<String ID="P218_ST00106" HPOS="648" VPOS="949" WIDTH="55" HEIGHT="32" CONTENT="her" WC="0.59" CC="605"/>
						<SP ID="P218_SP00090" HPOS="703" VPOS="990" WIDTH="27"/>
						<String ID="P218_ST00107" HPOS="730" VPOS="950" WIDTH="102" HEIGHT="38" CONTENT="harsh," WC="0.49" CC="706672"/>
						<SP ID="P218_SP00091" HPOS="832" VPOS="990" WIDTH="18"/>
						<String ID="P218_ST00108" HPOS="850" VPOS="951" WIDTH="127" HEIGHT="42" CONTENT="unplea" SUBS_TYPE="HypPart1" SUBS_CONTENT="unpleasant" WC="0.81" CC="6600000"/>
						<HYP CONTENT="-"/>
					</TextLine>
					<TextLine ID="P218_TL00017" HPOS="150" VPOS="1010" WIDTH="827" HEIGHT="46">
						<String ID="P218_ST00109" HPOS="150" VPOS="1015" WIDTH="68" HEIGHT="27" CONTENT="sant" SUBS_TYPE="HypPart2" SUBS_CONTENT="unpleasant" WC="0.88" CC="4000"/>
						<SP ID="P218_SP00092" HPOS="218" VPOS="1042" WIDTH="16"/>
						<String ID="P218_ST00110" HPOS="234" VPOS="1010" WIDTH="118" HEIGHT="41" CONTENT="laughs." WC="0.49" CC="4980760"/>
						<SP ID="P218_SP00093" HPOS="352" VPOS="1051" WIDTH="37"/>
						<String ID="P218_ST00111" HPOS="389" VPOS="1012" WIDTH="17" HEIGHT="14" CONTENT='"' WC="0.24" CC="7"/>
						<SP ID="P218_SP00094" HPOS="406" VPOS="1051" WIDTH="14"/>
						<String ID="P218_ST00112" HPOS="420" VPOS="1010" WIDTH="90" HEIGHT="40" CONTENT="Well," WC="0.79" CC="00460"/>
						<SP ID="P218_SP00095" HPOS="510" VPOS="1051" WIDTH="11"/>
						<String ID="P218_ST00113" HPOS="521" VPOS="1010" WIDTH="69" HEIGHT="31" CONTENT="that" WC="0.39" CC="4774"/>
						<SP ID="P218_SP00096" HPOS="590" VPOS="1051" WIDTH="15"/>
						<String ID="P218_ST00114" HPOS="605" VPOS="1010" WIDTH="25" HEIGHT="31" CONTENT="is" WC="0.43" CC="55"/>
						<SP ID="P218_SP00097" HPOS="630" VPOS="1051" WIDTH="17"/>
						<String ID="P218_ST00115" HPOS="647" VPOS="1011" WIDTH="52" HEIGHT="31" CONTENT="the" WC="0.64" CC="460"/>
						<SP ID="P218_SP00098" HPOS="699" VPOS="1051" WIDTH="17"/>
						<String ID="P218_ST00116" HPOS="716" VPOS="1012" WIDTH="115" HEIGHT="32" CONTENT="veriest" WC="0.82" CC="0060005"/>
						<SP ID="P218_SP00099" HPOS="831" VPOS="1051" WIDTH="15"/>
						<String ID="P218_ST00117" HPOS="846" VPOS="1013" WIDTH="131" HEIGHT="43" CONTENT="comedy" WC="0.76" CC="005080"/>
					</TextLine>
					<TextLine ID="P218_TL00018" HPOS="149" VPOS="1071" WIDTH="827" HEIGHT="42">
						<String ID="P218_ST00118" HPOS="149" VPOS="1071" WIDTH="14" HEIGHT="30" CONTENT="I" WC="1.00" CC="0"/>
						<SP ID="P218_SP00100" HPOS="163" VPOS="1101" WIDTH="17"/>
						<String ID="P218_ST00119" HPOS="180" VPOS="1083" WIDTH="71" HEIGHT="19" CONTENT="ever" WC="0.87" CC="0500"/>
						<SP ID="P218_SP00101" HPOS="251" VPOS="1102" WIDTH="15"/>
						<String ID="P218_ST00120" HPOS="266" VPOS="1071" WIDTH="94" HEIGHT="31" CONTENT="heard" WC="0.72" CC="70060"/>
						<SP ID="P218_SP00102" HPOS="360" VPOS="1102" WIDTH="17"/>
						<String ID="P218_ST00121" HPOS="377" VPOS="1071" WIDTH="46" HEIGHT="32" CONTENT="of!" WC="0.93" CC="200"/>
						<SP ID="P218_SP00103" HPOS="423" VPOS="1103" WIDTH="48"/>
						<String ID="P218_ST00122" HPOS="471" VPOS="1071" WIDTH="48" HEIGHT="31" CONTENT="Do" WC="0.79" CC="04"/>
						<SP ID="P218_SP00104" HPOS="519" VPOS="1103" WIDTH="16"/>
						<String ID="P218_ST00123" HPOS="535" VPOS="1083" WIDTH="60" HEIGHT="29" CONTENT="you" WC="0.79" CC="006"/>
						<SP ID="P218_SP00105" HPOS="595" VPOS="1112" WIDTH="24"/>
						<String ID="P218_ST00124" HPOS="619" VPOS="1072" WIDTH="96" HEIGHT="41" CONTENT="really" WC="0.93" CC="000040"/>
						<SP ID="P218_SP00106" HPOS="715" VPOS="1113" WIDTH="19"/>
						<String ID="P218_ST00125" HPOS="734" VPOS="1073" WIDTH="119" HEIGHT="33" CONTENT="believe" WC="0.85" CC="0042030"/>
						<SP ID="P218_SP00107" HPOS="853" VPOS="1113" WIDTH="19"/>
						<String ID="P218_ST00126" HPOS="872" VPOS="1075" WIDTH="70" HEIGHT="32" CONTENT="that" WC="0.83" CC="0600"/>
						<SP ID="P218_SP00108" HPOS="942" VPOS="1113" WIDTH="16"/>
						<String ID="P218_ST00127" HPOS="958" VPOS="1087" WIDTH="18" HEIGHT="20" CONTENT="a" WC="1.00" CC="0"/>
					</TextLine>
					<TextLine ID="P218_TL00019" HPOS="147" VPOS="1132" WIDTH="829" HEIGHT="47">
						<String ID="P218_ST00128" HPOS="147" VPOS="1143" WIDTH="121" HEIGHT="20" CONTENT="woman" WC="0.77" CC="00055"/>
						<SP ID="P218_SP00109" HPOS="268" VPOS="1163" WIDTH="17"/>
						<String ID="P218_ST00129" HPOS="285" VPOS="1132" WIDTH="33" HEIGHT="31" CONTENT="of" WC="1.00" CC="00"/>
						<SP ID="P218_SP00110" HPOS="318" VPOS="1163" WIDTH="17"/>
						<String ID="P218_ST00130" HPOS="335" VPOS="1132" WIDTH="69" HEIGHT="31" CONTENT="that" WC="0.78" CC="0701"/>
						<SP ID="P218_SP00111" HPOS="404" VPOS="1163" WIDTH="22"/>
						<String ID="P218_ST00131" HPOS="426" VPOS="1132" WIDTH="73" HEIGHT="31" CONTENT="kind" WC="0.71" CC="0037"/>
						<SP ID="P218_SP00112" HPOS="499" VPOS="1163" WIDTH="21"/>
						<String ID="P218_ST00132" HPOS="520" VPOS="1144" WIDTH="57" HEIGHT="20" CONTENT="can" WC="0.91" CC="200"/>
						<SP ID="P218_SP00113" HPOS="577" VPOS="1164" WIDTH="22"/>
						<String ID="P218_ST00133" HPOS="599" VPOS="1133" WIDTH="38" HEIGHT="32" CONTENT="be" WC="0.98" CC="00"/>
						<SP ID="P218_SP00114" HPOS="637" VPOS="1165" WIDTH="24"/>
						<String ID="P218_ST00134" HPOS="661" VPOS="1135" WIDTH="168" HEIGHT="40" CONTENT="prevented" WC="0.78" CC="070605000"/>
						<SP ID="P218_SP00115" HPOS="829" VPOS="1175" WIDTH="28"/>
						<String ID="P218_ST00135" HPOS="857" VPOS="1136" WIDTH="41" HEIGHT="42" CONTENT="by" WC="1.00" CC="00"/>
						<SP ID="P218_SP00116" HPOS="898" VPOS="1178" WIDTH="16"/>
						<String ID="P218_ST00136" HPOS="914" VPOS="1149" WIDTH="62" HEIGHT="30" CONTENT="any" WC="0.92" CC="020"/>
					</TextLine>
					<TextLine ID="P218_TL00020" HPOS="148" VPOS="1193" WIDTH="827" HEIGHT="45">
						<String ID="P218_ST00137" HPOS="148" VPOS="1193" WIDTH="119" HEIGHT="40" CONTENT="earthly" WC="0.63" CC="0853710"/>
						<SP ID="P218_SP00117" HPOS="267" VPOS="1233" WIDTH="17"/>
						<String ID="P218_ST00138" HPOS="284" VPOS="1193" WIDTH="134" HEIGHT="31" CONTENT="obstacle" WC="0.83" CC="17400000"/>
						<SP ID="P218_SP00118" HPOS="418" VPOS="1233" WIDTH="21"/>
						<String ID="P218_ST00139" HPOS="439" VPOS="1193" WIDTH="78" HEIGHT="31" CONTENT="from" WC="0.83" CC="0420"/>
						<SP ID="P218_SP00119" HPOS="517" VPOS="1233" WIDTH="21"/>
						<String ID="P218_ST00140" HPOS="538" VPOS="1194" WIDTH="94" HEIGHT="41" CONTENT="being" WC="0.58" CC="70580"/>
						<SP ID="P218_SP00120" HPOS="632" VPOS="1235" WIDTH="20"/>
						<String ID="P218_ST00141" HPOS="652" VPOS="1195" WIDTH="90" HEIGHT="32" CONTENT="made" WC="1.00" CC="0000"/>
						<SP ID="P218_SP00121" HPOS="742" VPOS="1235" WIDTH="17"/>
						<String ID="P218_ST00142" HPOS="759" VPOS="1196" WIDTH="160" HEIGHT="42" CONTENT="Marquise" WC="0.82" CC="00503320"/>
						<SP ID="P218_SP00122" HPOS="919" VPOS="1238" WIDTH="18"/>
						<String ID="P218_ST00143" HPOS="937" VPOS="1200" WIDTH="38" HEIGHT="32" CONTENT="de" WC="0.93" CC="01"/>
					</TextLine>
					<TextLine ID="P218_TL00021" HPOS="148" VPOS="1255" WIDTH="380" HEIGHT="36">
						<String ID="P218_ST00144" HPOS="148" VPOS="1255" WIDTH="189" HEIGHT="36" CONTENT="Moranges?" WC="0.63" CC="607039410"/>
						<SP ID="P218_SP00123" HPOS="337" VPOS="1291" WIDTH="45"/>
						<String ID="P218_ST00145" HPOS="382" VPOS="1255" WIDTH="14" HEIGHT="30" CONTENT="I" WC="1.00" CC="0"/>
						<SP ID="P218_SP00124" HPOS="396" VPOS="1291" WIDTH="17"/>
						<String ID="P218_ST00146" HPOS="413" VPOS="1255" WIDTH="115" HEIGHT="32" CONTENT="don't.&#34;" WC="0.81" CC="0060006"/>
					</TextLine>
				</TextBlock>
				<TextBlock ID="P218_TB00007" HPOS="144" VPOS="1314" WIDTH="827" HEIGHT="224" STYLEREFS="TXT_1 PAR_LEFT">
					<TextLine ID="P218_TL00022" HPOS="194" VPOS="1315" WIDTH="777" HEIGHT="45">
						<String ID="P218_ST00147" HPOS="194" VPOS="1315" WIDTH="46" HEIGHT="31" CONTENT='"I' WC="0.51" CC="54"/>
						<SP ID="P218_SP00125" HPOS="240" VPOS="1346" WIDTH="24"/>
						<String ID="P218_ST00148" HPOS="264" VPOS="1316" WIDTH="81" HEIGHT="30" CONTENT="can't" WC="0.71" CC="00706"/>
						<SP ID="P218_SP00126" HPOS="345" VPOS="1346" WIDTH="23"/>
						<String ID="P218_ST00149" HPOS="368" VPOS="1316" WIDTH="84" HEIGHT="41" CONTENT='say,"' WC="0.69" CC="60036"/>
						<SP ID="P218_SP00127" HPOS="452" VPOS="1357" WIDTH="25"/>
						<String ID="P218_ST00150" HPOS="477" VPOS="1317" WIDTH="160" HEIGHT="32" CONTENT="answered" WC="0.72" CC="06590000"/>
						<SP ID="P218_SP00128" HPOS="637" VPOS="1357" WIDTH="23"/>
						<String ID="P218_ST00151" HPOS="660" VPOS="1318" WIDTH="138" HEIGHT="42" CONTENT="Dupont." WC="0.90" CC="0600000"/>
						<SP ID="P218_SP00129" HPOS="798" VPOS="1360" WIDTH="49"/>
						<String ID="P218_ST00152" HPOS="847" VPOS="1322" WIDTH="124" HEIGHT="33" CONTENT='"lAvas' WC="0.73" CC="440204"/>
					</TextLine>
					<TextLine ID="P218_TL00023" HPOS="147" VPOS="1376" WIDTH="824" HEIGHT="41">
						<String ID="P218_ST00153" HPOS="147" VPOS="1376" WIDTH="125" HEIGHT="32" CONTENT="assured" WC="0.66" CC="0646600"/>
						<SP ID="P218_SP00130" HPOS="272" VPOS="1408" WIDTH="16"/>
						<String ID="P218_ST00154" HPOS="288" VPOS="1376" WIDTH="68" HEIGHT="31" CONTENT="that" WC="0.82" CC="0700"/>
						<SP ID="P218_SP00131" HPOS="356" VPOS="1408" WIDTH="16"/>
						<String ID="P218_ST00155" HPOS="372" VPOS="1376" WIDTH="54" HEIGHT="32" CONTENT="she" WC="0.58" CC="570"/>
						<SP ID="P218_SP00132" HPOS="426" VPOS="1408" WIDTH="16"/>
						<String ID="P218_ST00156" HPOS="442" VPOS="1376" WIDTH="62" HEIGHT="33" CONTENT="had" WC="0.75" CC="700"/>
						<SP ID="P218_SP00133" HPOS="504" VPOS="1409" WIDTH="15"/>
						<String ID="P218_ST00157" HPOS="519" VPOS="1377" WIDTH="78" HEIGHT="33" CONTENT="been" WC="0.96" CC="0001"/>
						<SP ID="P218_SP00134" HPOS="597" VPOS="1410" WIDTH="16"/>
						<String ID="P218_ST00158" HPOS="613" VPOS="1378" WIDTH="46" HEIGHT="32" CONTENT="for" WC="0.87" CC="003"/>
						<SP ID="P218_SP00135" HPOS="659" VPOS="1410" WIDTH="15"/>
						<String ID="P218_ST00159" HPOS="674" VPOS="1380" WIDTH="53" HEIGHT="32" CONTENT="the" WC="0.65" CC="073"/>
						<SP ID="P218_SP00136" HPOS="727" VPOS="1412" WIDTH="22"/>
						<String ID="P218_ST00160" HPOS="749" VPOS="1381" WIDTH="61" HEIGHT="33" CONTENT="last" WC="0.92" CC="0030"/>
						<SP ID="P218_SP00137" HPOS="810" VPOS="1414" WIDTH="15"/>
						<String ID="P218_ST00161" HPOS="825" VPOS="1384" WIDTH="88" HEIGHT="31" CONTENT="week" WC="0.81" CC="0007"/>
						<SP ID="P218_SP00138" HPOS="913" VPOS="1415" WIDTH="24"/>
						<String ID="P218_ST00162" HPOS="937" VPOS="1397" WIDTH="34" HEIGHT="20" CONTENT="so" WC="1.00" CC="00"/>
					</TextLine>
					<TextLine ID="P218_TL00024" HPOS="147" VPOS="1436" WIDTH="824" HEIGHT="45">
						<String ID="P218_ST00163" HPOS="147" VPOS="1437" WIDTH="147" HEIGHT="41" CONTENT="seriously" WC="0.72" CC="405005530"/>
						<SP ID="P218_SP00139" HPOS="294" VPOS="1478" WIDTH="16"/>
						<String ID="P218_ST00164" HPOS="310" VPOS="1436" WIDTH="31" HEIGHT="31" CONTENT="ill" WC="0.77" CC="410"/>
						<SP ID="P218_SP00140" HPOS="341" VPOS="1478" WIDTH="25"/>
						<String ID="P218_ST00165" HPOS="366" VPOS="1436" WIDTH="68" HEIGHT="33" CONTENT="that" WC="0.74" CC="0702"/>
						<SP ID="P218_SP00141" HPOS="434" VPOS="1478" WIDTH="26"/>
						<String ID="P218_ST00166" HPOS="460" VPOS="1437" WIDTH="52" HEIGHT="33" CONTENT="the" WC="0.55" CC="670"/>
						<SP ID="P218_SP00142" HPOS="512" VPOS="1478" WIDTH="24"/>
						<String ID="P218_ST00167" HPOS="536" VPOS="1440" WIDTH="188" HEIGHT="41" CONTENT="publication" WC="0.79" CC="07140000206"/>
						<SP ID="P218_SP00143" HPOS="724" VPOS="1481" WIDTH="24"/>
						<String ID="P218_ST00168" HPOS="748" VPOS="1443" WIDTH="36" HEIGHT="31" CONTENT="of" WC="1.00" CC="00"/>
						<SP ID="P218_SP00144" HPOS="784" VPOS="1481" WIDTH="19"/>
						<String ID="P218_ST00169" HPOS="803" VPOS="1443" WIDTH="52" HEIGHT="32" CONTENT="the" WC="0.63" CC="370"/>
						<SP ID="P218_SP00145" HPOS="855" VPOS="1481" WIDTH="16"/>
						<String ID="P218_ST00170" HPOS="871" VPOS="1444" WIDTH="100" HEIGHT="33" CONTENT="banns" WC="0.47" CC="70666"/>
					</TextLine>
					<TextLine ID="P218_TL00025" HPOS="146" VPOS="1498" WIDTH="305" HEIGHT="40">
						<String ID="P218_ST00171" HPOS="146" VPOS="1498" WIDTH="57" HEIGHT="32" CONTENT="had" WC="0.26" CC="767"/>
						<SP ID="P218_SP00146" HPOS="203" VPOS="1530" WIDTH="17"/>
						<String ID="P218_ST00172" HPOS="220" VPOS="1498" WIDTH="75" HEIGHT="31" CONTENT="been" WC="0.84" CC="5001"/>
						<SP ID="P218_SP00147" HPOS="295" VPOS="1530" WIDTH="16"/>
						<String ID="P218_ST00173" HPOS="311" VPOS="1502" WIDTH="56" HEIGHT="36" CONTENT="put" WC="0.80" CC="050"/>
						<SP ID="P218_SP00148" HPOS="367" VPOS="1538" WIDTH="16"/>
						<String ID="P218_ST00174" HPOS="383" VPOS="1498" WIDTH="68" HEIGHT="32" CONTENT='off."' WC="0.86" CC="00006"/>
					</TextLine>
				</TextBlock>
			</PrintSpace>
		</Page>
	</Layout>
</alto>
