1079 1710
141 66 52 26 164

388 73 83 20 LOVE
494 73 66 20 THE
583 72 162 21 AVENGER.

140 151 113 32 dential
279 150 105 42 gossip
401 150 75 31 with
501 150 55 31 her
582 149 132 40 mother,
733 148 52 31 did
811 146 63 33 this
897 146 75 32 time

141 212 88 32 think
245 212 23 32 it
284 211 83 42 right
383 217 30 26 to
429 211 95 42 speak
542 211 150 41 seriously
708 215 32 27 to
758 210 55 31 her
829 207 145 33 husband

141 274 34 32 of
194 274 83 31 Avhat
301 285 63 20 was
389 273 188 43 impending,
600 272 131 43 thereby
753 269 220 43 involuntarily

141 335 126 42 placing
284 335 62 31 him
363 335 31 31 in
410 335 51 32 the
478 339 82 27 most
577 334 155 32 awkward
748 333 133 43 position
897 333 77 31 ima-

143 396 130 42 ginable.
322 397 36 31 In
384 397 110 41 reality
517 396 38 32 he
587 408 63 20 Avas
680 396 105 32 bound
806 394 85 33 hand
914 394 61 33 and

147 458 71 40 foot,
237 470 33 20 as
295 458 45 32 far
362 471 33 20 as
416 459 47 31 his
484 458 90 33 uncle
594 458 61 32 and
681 458 53 32 the
757 458 120 41 Sphinx
893 468 81 20 were

142 520 177 40 concerned,
351 520 60 32 and
443 521 55 32 felt
529 521 68 32 that
627 520 164 32 whenever
818 519 23 31 it
873 518 102 42 might

143 581 100 42 please
278 581 96 33 either
402 581 35 33 of
463 582 88 32 these
579 587 63 27 two
671 587 33 27 to
726 581 111 33 inform
856 581 63 32 him
945 580 32 33 of

141 642 53 32 the
215 643 228 42 contemplated
464 644 103 40 union,
588 643 39 32 he
643 655 64 20 was
732 642 193 33 condemned
941 648 34 27 to

143 715 125 31 express
291 705 47 31 his
364 706 94 31 entire
483 705 202 42 approbation
702 705 30 31 in
748 705 54 32 the
819 709 82 28 most
916 716 58 20 un-

144 766 143 42 qualified
324 772 104 27 terms.
486 767 87 32 With
602 767 109 41 Claire,
745 767 153 41 however,
934 766 39 32 he

143 839 80 29 gave
250 827 125 32 himself
403 828 54 32 the
483 829 140 41 pleasure
649 829 36 31 of
709 829 134 41 treating
864 829 44 31 M.
935 827 38 32 de

145 889 174 40 Moranges'
347 889 131 31 conduct
503 889 74 32 with
602 890 205 41 unmitigated
834 901 137 28 censure,

145 948 72 42 only
232 950 172 41 protesting
419 951 69 31 that
503 962 40 21 no
559 957 229 26 remonstrance
804 962 65 21 was
885 962 88 31 prac-

144 1010 121 40 ticable,
292 1011 61 31 and
379 1011 69 32 that
472 1012 79 32 their
577 1012 126 43 dignity,
725 1024 34 21 as
784 1012 48 32 his
855 1012 118 33 uncle's

146 1075 72 26 next
245 1071 89 41 heirs,
362 1073 138 42 imposed
528 1073 114 33 silence
667 1085 83 31 upon
775 1074 85 32 them
892 1085 33 21 as
957 1085 18 21 a

145 1131 139 41 rigorous
301 1133 82 42 duty.
429 1134 135 33 Further
578 1135 76 32 than
671 1135 60 32 this
747 1135 38 32 he
802 1135 103 32 would
921 1141 54 27 not

146 1203 48 30 go,
212 1192 56 32 but
294 1193 48 32 his
367 1194 246 33 animadversion
640 1208 84 30 upon
748 1197 53 31 the
825 1197 73 42 folly
914 1197 61 32 and

146 1252 184 43 immorality
356 1255 33 31 of
407 1255 47 33 his
481 1258 88 32 uncle
585 1269 64 21 was
672 1259 73 31 loud
770 1260 61 31 and
856 1265 118 37 strong,

146 1315 60 30 and
223 1327 32 19 so
272 1315 46 32 far
333 1316 198 43 satisfactory.

191 1376 72 31 And
278 1376 82 41 then,
378 1389 33 21 as
428 1379 30 31 in
475 1391 93 31 every
584 1393 186 32 emergency
792 1382 35 32 of
842 1382 55 33 her
913 1382 60 41 life,

149 1435 52 32 the
217 1448 104 31 young
345 1438 157 43 Marquise
527 1441 60 33 had
610 1454 142 22 recourse
776 1448 31 28 to
828 1443 145 33 Madame

152 1497 187 41 Beaudouin,
357 1499 54 32 but
430 1500 47 32 for
498 1501 51 33 the
571 1503 67 33 first
656 1504 75 33 time
749 1504 53 32 the
823 1509 75 28 aunt
914 1505 59 32 and
