1079 1710
147 88 52 25 222

380 93 82 21 LOVE
486 91 64 21 THE
574 88 163 23 AVENGER.

146 170 51 32 the
230 175 82 27 most
342 167 154 35 awkward
527 166 133 44 position
691 162 145 44 possible.
898 161 78 32 Last

145 232 89 42 night
251 237 30 28 at
296 232 53 32 the
365 231 126 32 Italiens

319 299 64 27 met
412 305 53 30 my
805 285 169 44 suggested

144 357 140 41 Aspasie.

218 419 71 31 You
304 419 90 31 knew
406 420 14 30 ?

292 492 39 19 no
345 493 6 27 ;
377 479 82 42 quiet
474 476 143 44 yourself,
634 487 85 32 pray.
766 475 16 32 I
797 475 92 31 kneAV
904 473 67 32 that

142 541 38 32 he
196 541 117 32 wished
328 546 32 27 to
377 540 95 43 speak
488 545 32 26 to
543 551 61 30 you
622 538 47 31 for
693 549 85 20 some
803 536 76 43 clays
900 540 71 38 past

141 614 82 30 upon
240 602 147 32 business.
435 601 88 32 Bless
539 613 54 29 my
610 599 74 41 soul,
702 599 115 32 there's
837 597 134 41 nothing

142 676 32 20 so
201 676 74 30 very
302 663 229 41 extraordinary
555 663 31 31 in
613 662 68 31 that
694 674 7 28 ;
726 660 83 32 what
832 660 26 31 is
880 659 89 32 there

140 725 30 31 in
186 724 149 43 speaking
350 729 32 27 to
398 724 63 31 him
473 725 14 31 ?
532 724 78 31 He's
626 723 53 32 the
699 723 117 41 deputy
834 722 34 31 of
890 734 79 30 your

140 786 192 42 department
345 799 6 27 ;
377 785 38 32 he
431 785 102 32 hasn't
549 790 54 37 got
618 785 51 32 the

302 847 57 31 but
483 847 44 31 M.
544 846 36 32 de
598 846 187 32 Beauvoisin
802 845 161 33 hesitated.

214 908 62 31 But
291 907 107 32 what?
451 907 98 32 asked
565 907 83 32 Mile,
668 907 36 32 de
721 906 227 42 Mourjonville.

213 971 30 31 It
272 971 26 31 is
328 970 175 42 impossible
529 970 47 31 for
605 982 50 19 me
687 975 31 25 to
749 970 38 31 clo
819 969 82 32 Avhat
926 969 39 32 he

290 1032 115 41 replied
422 1032 124 40 Olivier,
560 1032 32 30 in
607 1031 59 32 low
682 1032 55 30 but
748 1031 69 31 firm
831 1035 132 28 accents.

210 1094 51 30 Ah
273 1094 6 31 !
335 1094 135 31 draAvlecl
493 1098 53 28 out
569 1094 141 41 Aspasie,
736 1094 125 41 leaning
884 1094 79 32 back

135 1154 32 31 in
191 1154 54 31 her
273 1154 92 40 chair,
394 1155 61 31 and
479 1155 167 41 surveying
670 1154 55 32 her
753 1155 107 32 visitor
884 1155 79 32 from

135 1215 79 31 head
229 1219 32 27 to
277 1215 62 31 foot
353 1228 7 27 ;
413 1215 185 41 impossible,
615 1215 26 32 is
658 1215 23 32 it
693 1217 13 31 ?

261 1276 24 31 is
310 1287 41 28 so,
370 1276 60 31 and
452 1287 61 31 you
537 1276 91 32 know
651 1276 24 33 it
693 1276 27 33 is
825 1279 136 31 retorted

135 1337 43 32 M.
196 1336 37 32 de
251 1336 193 32 Beauvoisin.
525 1337 69 32 You
615 1337 92 33 know
723 1338 69 33 that
808 1339 61 33 this
886 1341 75 32 time

134 1398 24 32 it
173 1397 26 32 is

208 1458 95 37 Then,
328 1458 16 30 I
371 1457 88 32 think
486 1458 15 31 I
527 1458 110 33 should
658 1460 54 31 tell
736 1461 63 31 him
913 1474 47 19 re-

135 1519 125 33 marked
284 1519 82 32 Mile,
385 1519 37 31 de
446 1519 224 43 Mourjonville,
688 1522 120 40 forcing
831 1523 50 30 the
906 1535 53 19 ex-
