1079 1710
383 439 206 31 CHAPTER
628 438 85 31 XVI.

312 531 65 19 THE
402 530 102 20 NIGHT
527 529 39 21 OF
590 528 86 21 THAT
702 527 73 22 DAY.

175 605 139 31 Twelve
340 604 115 31 o'clock
480 602 62 32 had
570 606 55 27 not
652 602 74 41 long
754 600 115 41 struck,
901 600 61 32 and

134 666 98 32 Claire
263 677 62 21 AAyas
356 665 108 41 sitting
494 665 32 31 in
558 664 54 32 her
649 676 69 19 own
743 676 95 25 room,
864 663 98 41 alone,

133 727 143 42 listlessly
291 727 111 41 letting
416 726 53 33 the
485 726 93 32 hours
593 737 73 31 pass
681 726 50 41 by,
750 730 55 27 not
817 726 147 40 knoAving

134 789 72 42 Avhy
222 788 53 32 she
298 788 62 32 had
382 792 53 27 not
458 792 52 37 yet
534 799 80 30 gone
631 792 32 27 to
679 787 69 40 bed,
766 787 55 32 but
837 787 127 41 already

134 854 98 37 wrapt
263 849 31 32 in
324 849 52 32 the
407 860 101 30 vague
539 847 313 33 half-consciousness
885 847 33 33 of
946 859 18 20 a

138 912 112 29 dream.

176 973 65 30 The
262 972 89 41 night
371 984 64 19 was
463 983 57 20 one
542 971 34 32 of
597 971 89 31 those
709 983 106 29 Avarm,
841 971 121 42 cloudy,

135 1039 93 36 gusty
248 1034 104 40 nights
377 1033 135 33 towards
533 1034 51 31 the
606 1034 59 31 end
682 1034 34 31 of
734 1034 121 40 March,
873 1035 90 31 when

136 1095 80 42 puffs
239 1095 34 30 of
294 1095 105 31 smoke
424 1095 80 31 issue
527 1095 80 32 from
631 1096 52 31 the
706 1101 82 26 most
807 1107 156 32 unexcep-

135 1157 136 32 tionable
288 1157 34 31 of
333 1157 167 42 chimneys,
518 1158 61 31 and
600 1158 53 32 the
675 1158 113 32 silence
804 1158 26 32 is
846 1159 116 33 broken

137 1218 41 41 by
204 1217 117 32 sudden
346 1217 81 42 slaps
452 1219 124 41 against
600 1219 91 32 doors
719 1221 60 30 and
805 1221 157 41 AvindoAvs,

134 1279 62 32 and
219 1278 42 41 by
287 1278 51 31 the
362 1278 52 31 fall
439 1284 32 26 to
498 1279 51 32 the
576 1281 86 31 earth
689 1282 34 30 of
745 1283 70 31 tiles
841 1295 33 20 or
897 1288 66 28 tree

135 1339 149 33 branches
286 1358 41 3 —
329 1350 19 20 a
362 1339 187 42 thoroughly
568 1342 242 33 uncomfortable
827 1344 97 41 night.

178 1400 66 32 The
261 1404 171 38 apartment
456 1401 147 42 occupied
625 1403 42 41 by
682 1404 53 32 the
756 1417 107 31 young
879 1408 83 31 Mar-

138 1462 84 43 quise
238 1472 62 21 was
317 1472 39 21 on
372 1460 52 33 the
440 1461 166 43 first-floor,
621 1466 61 30 and
697 1466 61 32 had
774 1479 39 20 no
830 1468 132 33 window

137 1529 32 26 to
200 1523 52 31 the
282 1522 89 32 front.
426 1522 30 32 It
487 1534 62 20 was
586 1525 133 33 situated
750 1527 212 43 immediately
