1079 1710
150 78 33 26 24

379 84 83 21 LOVE
486 82 63 22 THE
572 80 162 22 AVENGER.

193 162 96 32 What
304 173 63 20 was
383 161 86 32 there
485 170 84 21 more
586 162 32 28 to
634 168 56 30 say
701 157 13 32 ?

194 223 61 33 She
277 223 50 32 did
349 227 54 27 not
425 221 51 32 bid
499 220 64 31 him
586 219 38 32 be
647 217 115 34 careful
785 216 35 32 of
838 215 47 32 his
909 214 61 41 life,

150 295 55 21 nor
222 284 49 32 did
287 284 38 32 he
341 282 129 33 beseech
486 281 55 32 her
555 284 33 28 to
608 290 144 33 preserve
768 278 49 32 his
832 288 140 30 memory

150 364 40 4 —
193 345 45 32 for
253 345 54 32 she
322 344 91 32 knew
428 343 39 32 he
483 354 64 20 was
563 342 104 41 brave,
680 340 61 33 and
757 340 39 32 he
812 339 93 33 knew
916 338 55 32 she

150 417 61 21 was
223 411 67 27 true
302 419 6 27 ;
332 406 61 31 and
415 405 76 32 both
506 416 82 21 were
604 404 172 32 Christians
792 400 131 34 mindful
939 400 34 33 of

150 466 77 33 their
242 466 74 42 duty
332 472 31 27 to
379 466 78 33 God.

194 527 117 33 Silence
345 527 136 33 endured
510 527 140 32 between
680 527 86 32 them
799 526 46 32 for
876 537 94 30 many

150 589 130 32 minutes
325 588 68 40 still,
432 588 27 32 if
498 588 68 32 that
605 588 111 32 indeed
754 599 62 20 was
855 587 114 32 silence

150 650 31 31 in
211 649 99 33 which
341 649 65 33 soul
444 660 33 21 so
508 649 139 42 ardently
679 649 183 32 communed
893 648 77 31 with

150 710 74 31 soul.

193 770 71 32 And
297 770 74 32 then
409 771 46 31 six
487 770 116 32 o'clock
635 770 131 42 striking
799 770 79 32 from
916 770 52 32 the

151 831 85 32 clock
254 831 33 32 of
304 831 51 32 the
371 831 128 32 chateau
524 831 156 32 reminded
707 831 43 33 M.
768 831 38 32 de
824 831 144 32 Lancour

150 892 66 30 that
232 892 46 30 his
294 892 73 30 time
382 903 63 19 Avas
460 892 126 30 limited.

224 953 163 42 Good-bye
399 953 82 41 then,
608 953 37 32 he
662 953 74 42 said,
751 954 29 31 in
790 965 18 21 a
820 966 75 30 very
907 954 60 32 low

150 1013 93 40 voice,
260 1013 61 32 and
336 1014 162 41 preparing
513 1019 31 27 to
561 1014 116 41 depart.

434 1074 54 33 she
505 1074 123 33 echoed.

192 1135 66 33 Not
295 1147 56 21 one
389 1137 177 42 expression
600 1137 35 31 of
669 1138 201 34 endearment
906 1140 62 33 had

150 1196 108 42 passed
288 1196 79 32 their
389 1197 66 42 lips,
482 1197 73 42 they
577 1197 62 32 had
672 1203 54 27 not
760 1200 97 32 called
892 1202 76 32 each

151 1256 86 33 other
251 1256 41 42 by
299 1256 79 33 their
393 1269 114 30 names,
519 1269 56 21 nor
590 1258 62 32 had
668 1259 74 43 they
755 1273 78 20 even
850 1261 118 34 shaken

150 1317 105 40 hands,
288 1317 98 41 when,
419 1318 30 32 in
483 1318 52 33 the
567 1324 136 29 extreme
738 1322 34 32 of
798 1322 63 33 this
887 1324 81 33 their

150 1377 115 32 solemn
281 1389 172 30 severance,
470 1379 99 32 Claire
586 1380 71 33 held
674 1387 52 28 out
741 1383 71 33 hers
827 1389 32 27 to
872 1386 43 32 M.
930 1387 38 32 de

150 1439 147 31 Lancour.

191 1500 49 32 He
255 1500 72 32 took
343 1501 60 32 and
419 1501 71 33 held
506 1502 23 32 it
546 1515 57 21 one
619 1503 117 35 instant
752 1506 102 44 firmly
870 1509 31 32 in
920 1510 46 33 his
