1079 1710
291 91 22 20 A
336 90 117 21 SINNER
476 91 60 20 BUT
559 92 41 19 NO
624 91 99 20 SAINT.

879 87 35 24 45

93 164 47 32 for
158 165 52 32 the
239 166 126 41 Sphinx,
395 179 74 20 once
494 179 106 30 grown
624 167 167 42 desperate,
813 166 101 33 would

95 227 103 31 reveal
223 228 191 42 everything,
431 229 60 31 and
512 228 54 32 her
584 228 175 43 (Aspasie's)
780 228 134 32 fortunes

96 288 101 31 would
219 288 38 33 be
281 289 129 41 marred,
428 289 73 32 both
523 289 75 32 with
620 289 51 32 the
687 289 153 42 Dowager
854 289 60 32 and

96 348 76 33 with
188 350 43 31 M.
250 350 37 31 de
304 351 174 40 Moranges.

141 410 62 33 She
234 417 83 25 must
347 423 39 30 go
417 423 47 28 on,
495 411 159 41 therefore,
687 412 133 41 plotting
855 412 60 31 and

97 472 184 42 combining,
300 474 59 30 and
382 473 182 41 preventing
584 485 19 19 a
629 473 92 40 crisis,
746 473 60 31 and
832 474 83 30 Avhat

97 532 55 32 she
167 534 120 31 termed
307 534 146 41 devoting
475 533 114 32 herself
599 533 40 42 (!),
657 534 41 30 all
720 534 100 31 which
843 546 71 20 con-

97 594 127 31 stituted
251 607 39 19 no
318 595 88 31 small
433 599 126 26 amount
583 594 33 31 of
636 594 76 31 hard
736 594 92 41 work,
855 595 59 31 and

97 655 96 41 really
214 655 53 31 left
293 667 39 19 no
357 655 109 31 leisure
494 655 155 31 AvhateA'er
672 660 30 26 to
729 666 74 30 poor
828 656 84 31 Mile.

96 715 38 31 de
150 715 222 40 MourjonA-ille.

138 777 65 31 The
222 782 80 26 most
325 778 141 41 amusing
484 784 69 35 part
577 778 33 31 of
632 778 24 31 it
678 778 42 31 all
738 778 70 41 (and
823 778 24 31 it
863 779 50 30 did

94 839 98 31 divert
217 839 129 41 Aspasie
372 839 88 31 when
488 839 53 31 she
566 839 130 41 thought
720 839 34 31 of
780 839 32 40 it)
841 851 72 28 was,

93 899 68 32 that
176 899 54 32 her
251 899 172 32 cleverness
439 912 64 19 Avas
525 900 75 31 such
617 912 18 19 a
650 900 90 32 relief
760 904 32 27 to
815 901 43 31 M.
876 900 37 32 de

94 961 212 31 Beauvoisin's
328 961 74 31 sIoav
425 961 53 31 Avit
501 961 76 39 that,
594 961 148 41 although
759 961 37 31 he
812 961 101 32 feared

92 1022 55 32 her
174 1022 151 42 mortally,
357 1022 60 32 and
447 1022 149 41 although
627 1022 54 32 she
711 1022 129 42 morally
867 1027 46 27 sat

92 1094 83 31 upon
202 1083 63 33 him
292 1083 59 33 like
378 1083 53 32 the
457 1083 50 33 old
533 1095 71 20 man
632 1083 34 32 of
687 1083 53 33 the
767 1095 60 28 sea,
853 1084 60 32 and

91 1155 62 21 was
180 1156 94 21 never
295 1149 32 28 to
355 1145 36 32 be
419 1145 116 32 shaken
563 1144 47 40 off,
627 1149 53 37 yet
698 1144 31 32 in
749 1144 47 32 his
820 1149 92 27 worst

91 1211 152 26 moments
269 1205 34 32 of
319 1205 169 43 perplexity
515 1205 52 32 she
595 1205 87 32 alone
709 1205 90 32 could
823 1204 90 33 cheer

90 1266 62 32 him
176 1278 50 30 up,
253 1267 60 31 and
339 1268 41 41 by
410 1267 53 31 her
494 1267 101 41 sharp,
625 1266 125 32 comical
781 1266 69 32 vein
880 1265 33 33 of

92 1327 138 41 humour,
249 1327 107 32 induce
380 1327 62 32 him
465 1332 32 27 to
522 1339 83 20 come
626 1332 34 27 to
682 1327 53 32 the
751 1326 161 43 agreeable

90 1389 175 31 conclusion
281 1389 67 31 that
364 1389 183 40 everything
562 1400 62 20 AAras
670 1401 39 19 no

135 1451 66 32 One
218 1463 110 30 person
345 1451 89 31 alone
451 1462 63 20 was
538 1450 140 32 troubled
693 1450 42 41 by
750 1450 85 30 what
849 1460 62 20 was

90 1513 137 40 passing,
245 1513 60 31 and
329 1512 68 32 that
424 1524 111 29 person
558 1523 63 20 Avas
647 1511 102 32 Count
775 1511 134 41 Dupont.
