1079 1710
153 87 53 26 282

393 96 82 20 LOVE
499 95 63 21 THE
586 94 161 22 AVENGER.

198 172 116 33 Olivier
330 174 82 31 lived
428 174 46 31 for
488 185 85 20 some
594 172 124 32 months
738 171 31 31 in
794 174 84 28 utter
894 168 91 42 igno-

152 246 90 21 rance
274 235 33 32 of
334 236 82 31 Avhat
441 235 61 32 had
527 234 156 38 occurred,
705 232 61 34 and
794 231 126 34 cradled
953 230 29 31 in

152 297 52 32 the
225 298 179 42 persuasion
423 297 67 33 that
512 297 33 32 of
563 297 54 32 the
639 300 70 38 past
732 295 88 32 there
844 292 139 34 endured

153 370 39 21 no
208 359 141 40 palpable
366 365 83 26 trace
466 359 35 32 of
512 371 60 28 any
589 359 83 32 kind.

194 421 66 32 The
281 421 83 42 sight
388 421 35 32 of
440 421 188 32 Mardonnet
650 432 40 20 on
706 420 53 32 the
772 420 113 31 Easter
902 418 80 32 Sun-

153 483 59 42 day
227 483 89 31 when
332 483 53 31 the
401 483 90 32 latter
512 482 144 32 accosted
676 481 65 33 him
757 481 31 32 in
805 481 54 31 the
877 483 102 36 street,

150 556 64 20 Avas
237 545 209 41 disagreeable
478 549 31 27 to
534 544 117 32 Olivier
678 555 34 20 as
745 542 149 41 recalling
925 553 57 19 un-

149 607 139 41 pleasant
312 607 171 40 memories,
501 607 55 31 but
576 606 88 32 these
686 617 80 20 were
790 615 110 31 vague,
919 602 63 33 and

147 668 124 39 pointed
287 673 32 27 to
335 680 39 20 no
391 669 124 38 clanger.

192 729 50 32 He
268 729 51 32 did
342 735 54 26 not
421 729 60 33 like
506 729 52 32 the
584 729 146 32 electoral
754 733 123 28 contest
904 727 75 32 Avith

153 791 157 32 Monsieur
334 792 178 42 Theophile,
529 792 132 31 because
685 791 39 32 he
748 791 54 32 felt
825 791 53 32 the
892 790 92 33 latter

150 853 62 31 had
227 853 25 32 it
275 853 31 31 in
330 853 46 32 his
399 865 105 30 power
527 858 31 27 to
583 858 78 27 state
685 853 76 42 ugly
777 853 108 42 things
909 864 73 20 con-

150 916 127 41 cerning
292 916 64 31 him
370 929 6 27 ;
402 916 57 32 and
487 916 47 40 he,
552 916 71 31 Avho
644 916 62 31 had
730 915 181 32 committed
927 914 55 32 the

149 982 52 28 act
222 978 34 31 of
272 978 165 39 falsehood,
461 989 62 20 Avas
545 978 160 32 uncertain
725 978 35 31 of
773 978 53 31 the
850 982 131 27 amount

148 1038 35 31 of
193 1050 164 20 assurance
374 1039 73 32 Avith
464 1039 111 38 which,
600 1039 25 31 if
643 1044 57 38 put
716 1044 32 27 to
764 1039 32 41 it,
815 1039 39 32 he
871 1039 111 32 should

148 1099 71 42 give
248 1099 81 33 forth
362 1100 51 32 the
440 1100 76 32 false
543 1105 160 28 utterance
706 1121 42 3 —
750 1101 52 32 the
827 1100 101 32 denial
952 1100 35 32 of

151 1160 52 33 the
226 1166 68 27 true
318 1161 70 32 fact.
435 1162 212 32 Mardonnet's
671 1175 148 30 presence
840 1175 64 19 was
926 1174 58 20 un-

149 1222 198 32 comfortable
363 1228 32 26 to
412 1223 63 32 him
477 1243 42 4 —
521 1225 131 39 nothing
667 1237 96 21 more.

189 1284 61 31 But
277 1284 98 41 when,
405 1285 30 30 in
466 1286 52 30 the
550 1287 93 31 midst
673 1287 35 31 of
741 1287 58 32 the
834 1287 148 32 electoral

152 1345 146 41 struggle,
327 1345 38 31 he
392 1346 142 32 received
559 1348 160 41 Aspasie's
744 1348 93 32 letter
865 1348 46 44 (of
931 1348 51 33 the

149 1405 55 32 6th
227 1404 86 43 July)
339 1405 47 31 his
411 1406 119 42 drowsy
554 1409 181 32 conscience
761 1409 221 33 re-awakened

151 1467 159 41 suddenly,
329 1466 60 31 and
405 1466 38 32 he
459 1468 90 32 kneAV
566 1469 68 32 that
650 1470 64 32 real
730 1470 118 43 danger
864 1472 118 31 threat-

151 1528 77 31 ened
251 1527 72 32 him.
371 1528 94 31 From
488 1528 52 32 the
564 1529 97 32 shock
683 1530 71 32 that
777 1531 39 31 he
841 1532 141 30 received
