1079 1710
290 90 22 20 A
335 89 118 21 SINNER
475 90 61 20 BUT
559 89 41 21 NO
624 89 99 21 SAINT.

880 84 33 26 47

94 165 111 31 mitted
232 164 45 43 (as
301 164 39 32 he
364 164 131 43 thought
522 164 38 32 he
586 164 170 43 perceived,
776 169 32 27 to
831 164 82 33 Mile.

95 227 159 41 Aspasie's
293 226 128 32 decided
460 225 197 43 annoyance).
718 225 86 43 They
835 237 79 20 were

95 288 97 40 alone,
222 287 149 32 Claudine
401 287 93 42 being
525 287 71 32 shut
622 299 41 30 up
693 286 31 33 in
750 287 54 31 her
831 299 84 19 room

94 350 75 32 with
196 362 18 19 a
237 349 157 32 headache
406 362 6 28 ;
446 361 56 19 one
533 349 33 31 of
599 349 86 31 those
716 349 115 31 eternal
859 349 56 31 mi-

92 412 125 43 graines
233 423 120 20 women
380 423 51 19 are
456 422 32 20 so
514 410 166 42 peculiarly
695 410 117 41 subject
834 414 31 28 to
886 411 29 31 in

97 474 129 29 France.

140 534 98 32 Henri
253 534 126 41 Dupont
395 533 88 32 made
495 533 125 31 himself
639 544 32 20 so
695 533 140 42 pleasant
849 534 67 32 that

98 596 83 31 Mile.
199 594 130 43 Aspasie
350 605 62 21 was
439 594 118 32 thrown
585 594 44 31 off
647 594 54 31 her
727 594 105 41 guard,
858 595 58 32 and

99 656 123 33 showed
247 660 32 28 to
304 660 87 36 great
421 655 182 41 advantage,
636 655 60 32 and
726 655 46 33 for
798 661 116 37 tAventy

96 717 132 31 minutes
251 715 85 32 these
360 720 61 27 two
438 715 122 32 chatted
582 727 87 31 aAvay
684 716 31 31 in
737 717 179 42 apparently

96 776 113 43 perfect
224 776 81 42 good
317 776 177 42 fellowship,
507 776 60 32 and
580 782 88 37 spent
682 777 137 32 between
831 777 84 32 them

95 849 40 19 no
151 837 238 31 inconsiderable
406 842 126 26 amount
548 837 34 31 of
599 838 62 30 wit.

140 898 163 42 Suddenly,
328 898 56 32 but
421 898 112 42 always
560 898 32 32 in
615 898 51 33 the
690 904 80 27 most
800 900 114 42 playful

93 965 72 25 tone
177 973 6 17 :
185 978 44 4 —

281 1020 53 32 did
362 1032 61 30 you
454 1032 93 20 never
577 1021 51 31 tell
665 1033 50 20 me
744 1034 61 29 you
836 1034 76 20 Avere

95 1082 128 33 Camille
251 1082 165 31 Leblond's
440 1081 86 32 sister
537 1083 10 30 ?
604 1082 94 32 asked
721 1083 103 32 Count
847 1084 65 31 Du-

93 1148 84 38 pont,
209 1142 126 43 looking
361 1143 47 32 his
439 1143 163 42 adversary
633 1144 130 41 straight
800 1145 31 30 in
861 1145 51 31 the

94 1205 74 31 face.

210 1278 49 20 am
283 1271 55 27 not
454 1267 115 41 replied
588 1267 138 42 Aspasie,
749 1267 162 42 hurriedly,

93 1327 59 31 and
168 1327 74 31 with
258 1327 158 42 decidedly
428 1339 18 19 a
462 1327 102 41 slight,
578 1328 119 41 though
709 1328 69 32 well
791 1328 120 39 hidden,

92 1389 263 30 embarrassment.

334 1450 81 32 cried
440 1450 48 40 he,
515 1450 60 32 and
601 1450 48 32 his
676 1450 69 32 look
771 1450 64 32 said
858 1461 53 20 un-

90 1512 204 40 mistakeably
306 1525 5 19 :
366 1511 69 33 You
451 1511 79 33 can't
544 1511 71 33 take
632 1523 49 20 me
697 1511 30 32 in
739 1512 5 32 !
