1079 1710
333 106 123 23 BEFORE
478 108 67 21 AND
568 109 111 21 AFTER.

861 105 52 26 277

91 182 34 27 at
147 178 33 32 in
201 179 52 33 the
270 180 75 33 face.
392 182 66 32 The
474 195 112 31 money
601 189 82 27 must
705 184 38 32 be
759 189 53 37 got
814 204 41 3 —
858 185 58 31 and

92 239 54 33 the
169 245 100 27 secret
283 247 85 27 must
383 243 36 32 be
435 244 82 42 kept.
565 245 100 33 These
681 256 79 22 were
785 245 52 32 the
858 249 58 29 two

94 302 188 32 necessities.

140 363 37 31 In
194 375 58 21 one
269 366 141 41 evening,
435 372 92 37 spent
542 367 74 32 with
639 367 52 32 the
717 379 105 30 young
837 367 83 32 Mar-

96 425 78 41 quis,
191 426 160 32 Monsieur
368 427 169 42 Theophile
561 428 158 32 contrived
741 433 31 27 to
796 429 124 32 achieve

97 485 49 32 his
178 487 93 40 ends;
296 487 54 39 for,
374 488 42 41 by
440 488 65 32 dint
528 488 34 32 of
588 488 128 42 hearing
739 494 83 37 story
846 489 75 32 after

97 552 86 37 story
214 548 34 31 of
266 549 85 31 what
382 549 87 32 other
491 560 71 21 men
593 549 61 32 had
683 549 88 41 done,
805 550 117 32 Olivier

97 620 88 29 grew
209 608 129 32 familiar
362 609 73 32 with
451 609 53 32 the
527 609 73 32 fatal
627 609 116 43 project
767 610 67 32 that
859 622 64 20 was

98 670 153 42 proposed
273 675 32 26 to
321 670 72 40 him,
411 670 61 31 and
489 671 184 41 (re-assured
700 670 97 32 above
818 670 41 32 all
881 671 41 42 by

97 731 55 32 the
168 731 74 32 fatal
257 731 107 32 notion
375 731 68 32 that
454 742 120 31 secresy
585 731 91 32 could
691 731 37 32 be
744 731 176 42 preserved)

98 793 39 32 he
154 792 178 33 committed
347 804 19 21 a
388 792 165 43 positively
568 792 148 32 felonious
732 797 50 27 act
797 792 127 32 without

98 867 62 30 any
186 855 149 41 adequate
359 855 70 31 idea
456 854 33 31 of
507 855 39 30 its
570 854 158 42 enormity.
776 854 65 31 The
865 853 61 32 dis-

100 927 113 30 covery
228 915 103 31 Avould
353 915 80 31 have
457 914 123 32 seemed
594 919 32 27 to
649 914 62 31 him
734 914 189 40 intolerable,

101 976 56 31 but
172 976 52 31 the
241 976 62 31 fact
322 975 85 32 itself
425 987 63 20 was
511 986 19 21 a
553 979 113 28 matter
682 975 34 32 of
732 974 193 33 commercial

101 1036 190 33 transaction
306 1036 159 41 involving
487 1047 19 21 a
528 1036 117 42 simple,
664 1036 261 41 straightforward

101 1098 209 42 appreciation
327 1098 34 31 of
379 1097 83 42 plain
478 1097 81 41 right
575 1097 59 31 and
650 1109 115 30 wrong,
783 1097 34 31 of
830 1097 91 42 plain,

103 1159 215 41 working-day
333 1159 139 41 honesty,
499 1158 73 31 such
600 1170 33 19 as
650 1170 61 19 was
738 1158 132 42 adapted
892 1163 32 26 to

103 1222 53 33 the
173 1233 84 30 ways
274 1220 34 32 of
324 1220 52 31 life
392 1220 35 31 of
443 1219 121 31 inferior
578 1220 116 41 people,
712 1220 125 40 traders,
855 1231 71 20 men

103 1284 36 32 of
157 1282 150 40 business,
335 1282 65 39 &c,
426 1281 62 31 and
517 1280 61 31 had
607 1281 78 31 been
714 1280 158 42 neglected
889 1280 37 31 in

103 1348 55 31 the
181 1344 165 33 education
373 1344 34 31 of
429 1344 53 32 the
506 1344 135 41 Marquis
668 1344 37 31 de
732 1344 193 31 Beauvoisin.

134 1407 134 42 Nobody
284 1418 39 20 on
340 1405 86 33 earth
442 1405 102 32 would
567 1416 71 21 ever
659 1404 92 32 know
767 1416 58 20 one
841 1404 85 32 word

104 1471 35 32 of
227 1468 141 33 declared
384 1467 183 32 Mardonnet
579 1480 7 27 ;
610 1465 70 42 and,
698 1465 31 32 in
743 1470 61 27 two
826 1476 99 30 years,

102 1532 53 33 the
172 1531 73 32 debt
260 1530 102 32 would
385 1529 38 32 be
446 1528 71 42 paid
533 1528 128 31 without
688 1539 61 29 any
764 1538 57 20 one
848 1526 78 33 alive
