1079 1710
124 92 52 25 228

360 96 81 20 LOVE
464 94 65 21 THE
552 91 165 23 AVENGER.

170 175 83 32 Mile,
287 174 37 32 de
352 171 213 44 Mourjonville
600 180 64 22 was
703 166 162 42 Avatching
903 164 57 32 her

128 235 105 33 visitor
267 247 32 20 as
337 247 18 20 a
393 239 48 27 cat
479 232 133 32 watches
648 242 18 21 a
697 229 75 33 bird.

129 296 165 42 suggested
317 296 63 40 she,
397 296 75 32 with
489 307 18 20 a
529 305 75 30 very
628 291 138 44 peculiar
789 289 72 32 look
874 302 6 27 ;
936 286 25 32 if

128 358 51 32 the
211 362 83 28 trace
332 369 79 21 were
450 355 171 42 destroyed,
654 364 78 32 your
772 350 186 40 knowledge

130 418 101 33 would
245 430 87 21 cease
348 423 31 27 to
395 418 38 32 be
443 419 14 31 ?
479 429 61 31 you
558 414 103 35 would
678 414 101 41 forget
803 412 41 32 all
861 412 97 31 about

131 481 31 40 it,
185 481 61 31 and
269 481 38 31 be
332 480 195 31 immaculate
553 478 30 32 in
608 489 77 30 your
713 487 70 20 own
799 478 116 28 esteem
917 492 44 3 —

130 541 95 32 that's
242 553 32 20 so
294 542 141 41 pleasant
445 542 6 31 !
477 552 33 20 so
526 539 102 41 fitting
651 539 31 30 in
699 549 18 20 a
732 549 73 19 man
829 535 35 32 of
882 546 78 32 your

131 615 90 20 name
237 603 60 31 and
314 603 110 40 degree
435 604 6 31 !

207 665 96 31 Don't
326 669 115 27 torture
467 676 48 19 me
527 665 6 31 !
598 662 83 32 cried
707 661 120 33 Olivier
840 674 6 28 ;
913 672 45 20 re-

133 726 136 31 member
289 726 68 31 that
372 738 76 29 your
471 725 74 32 hold
570 724 72 42 only
657 728 81 27 rests
763 735 39 19 on
827 734 19 20 a
861 721 97 41 fraud,

134 799 39 18 on
190 799 18 18 a
223 787 76 30 theft

213 848 74 41 Stop
303 848 95 39 there,
416 848 27 31 if
460 859 61 30 you
688 845 117 42 replied
821 845 82 32 Mile,
922 845 38 31 de

136 908 223 41 Mourjonville,
371 908 126 41 looking
509 908 173 40 dangerous
694 920 6 27 ;
757 906 68 32 that
841 906 121 42 ground

136 970 25 32 is
192 975 53 27 not
271 975 32 26 to
334 970 38 32 be
399 970 139 32 trodden.
585 970 16 31 I
631 969 79 31 have
738 980 75 20 once
844 968 47 32 for
921 968 42 32 all

138 1031 169 41 explained,
325 1031 60 31 and
409 1042 61 30 you
485 1031 92 31 know
601 1042 33 20 as
650 1031 71 31 Avell
738 1042 33 20 as
794 1030 17 32 I
835 1030 39 31 do
895 1030 69 31 that

138 1104 76 30 your
237 1103 69 21 own
331 1092 220 43 inadvertency
574 1092 89 32 alone
687 1092 24 32 is
739 1097 30 27 to
794 1091 101 33 blame
909 1105 6 27 ;
940 1091 24 32 it

137 1164 63 21 was
216 1164 75 30 your
314 1165 67 20 OAvn
396 1153 77 32 fault
493 1153 25 32 if
538 1166 60 30 you
614 1154 119 31 burned
754 1152 84 33 what
854 1165 64 20 was
935 1152 33 33 of

140 1225 40 20 no
197 1225 217 30 consequence,
432 1215 61 31 and
509 1215 55 31 left
580 1215 85 31 what
682 1227 63 19 Avas
760 1229 6 26 ;
792 1215 24 31 it
832 1227 63 19 Avas
911 1215 53 32 the

142 1278 96 37 finger
273 1274 34 31 of
336 1274 199 33 Providence.
584 1276 130 31 Camille
750 1288 65 19 Avas
849 1281 54 27 not
933 1281 32 27 to

142 1335 99 32 blame
259 1348 6 26 ;
305 1334 53 32 she
381 1347 64 20 was
477 1340 54 27 not
554 1337 135 41 brought
712 1349 42 31 up
777 1343 33 26 to
833 1339 133 41 practise

143 1395 53 32 the
221 1395 97 32 subtle
346 1395 158 33 delicacies
530 1397 33 31 of
584 1398 127 41 honour,
731 1399 75 31 such
832 1412 34 19 as
893 1400 74 42 they

144 1468 49 21 are
225 1456 107 42 taught
358 1456 30 32 in
423 1469 76 30 your
526 1458 167 33 illustrious
902 1461 66 42 (her

146 1522 71 27 tone
244 1527 63 22 was
336 1517 121 42 bitterly
490 1518 147 42 ironical),
708 1521 53 31 she
789 1521 95 31 found
915 1522 53 33 the
