1079 1710
133 74 34 25 94

368 81 83 20 LOVE
475 81 65 20 THE
563 80 163 21 AVENGER.

131 158 155 41 surprised
302 163 31 27 at
356 158 131 41 hearing
510 158 53 32 the
589 158 119 41 Sphinx
729 157 124 33 alluded
872 162 32 28 to
921 157 32 42 by

129 232 18 21 a
162 232 121 21 woman
301 220 33 32 of
346 220 126 33 Claire's
489 219 192 41 description.

203 282 72 31 And
291 282 38 31 do
342 294 60 30 you
414 281 135 43 actually
560 282 92 31 know
665 282 79 32 her?
792 282 164 33 continued

126 344 52 32 the
193 356 107 29 young
315 343 166 42 Marquise.

265 406 88 31 Paris
368 406 108 31 knows
602 405 136 43 rejoined
755 406 107 40 Henri,
882 407 71 32 with

124 479 18 20 a
158 468 96 31 smile.

166 529 99 33 There
282 541 63 20 was
362 541 18 20 a
392 541 102 29 pause.

195 590 103 32 Count
497 589 235 33 recommenced
758 589 101 33 Claire
876 590 73 32 with

120 663 17 20 a
161 651 74 32 kind
262 651 35 32 of
315 651 88 32 timid
430 663 172 30 eagerness,
656 651 25 32 is
707 651 70 32 that
801 652 148 42 unhappy

119 717 137 27 creature
279 725 32 19 so
335 725 74 30 very
410 733 42 2 —
455 724 33 20 so
512 713 213 42 irretrievably
741 713 70 41 bad,
830 713 39 33 do
884 726 63 30 you

160 836 97 31 Henri
282 835 127 42 stopped
432 835 60 32 and
515 835 111 32 looked
642 835 254 44 interrogatively
912 842 30 27 at

114 897 52 32 the
182 897 165 40 Marquise.

189 958 122 31 Pardon
420 958 38 32 he
471 958 123 42 replied,
641 958 56 31 but
713 959 31 30 in
759 970 80 31 your
856 959 85 33 short

113 1019 110 42 phrase
254 1019 86 32 there
372 1031 50 20 are
464 1019 139 42 grouped
633 1020 143 41 together
807 1020 42 32 all
887 1020 54 33 the

111 1080 166 31 anomalies
319 1081 62 30 into
413 1080 100 31 which
541 1081 109 41 people
682 1081 30 31 in
745 1093 55 20 our
842 1083 97 31 world

110 1142 167 42 inevitably
315 1142 51 32 fall
403 1142 90 32 when
524 1142 74 42 they
629 1142 93 33 touch
762 1155 83 31 upon
876 1145 62 32 this

109 1203 101 32 theme
223 1216 6 27 ;
262 1202 74 43 they
363 1203 114 42 always
505 1215 41 30 go
569 1208 51 27 too
647 1203 46 32 far
710 1216 57 19 one
795 1216 80 31 way,
904 1218 34 19 or

107 1269 51 27 too
174 1263 46 33 far
237 1263 51 33 the
306 1263 86 33 other
407 1277 5 19 :
436 1276 61 30 you
522 1264 96 32 either
642 1264 67 43 pity
727 1277 34 19 or
784 1267 152 31 condemn

107 1330 51 27 too
174 1324 98 33 much.
320 1324 31 32 If
372 1337 61 30 you
456 1325 67 42 pity
538 1325 55 32 her
610 1326 123 42 enough
749 1331 33 28 to
805 1328 58 31 call
880 1328 59 32 her

106 1386 154 43 unhappy,
279 1386 71 42 why
367 1386 38 32 do
421 1398 61 30 you
499 1387 95 41 speak
611 1387 34 31 of
662 1388 55 32 her
729 1401 33 19 as
779 1389 156 33 irretriev-

105 1447 70 43 ably
191 1448 59 31 bad
259 1449 14 30 ?
298 1446 60 32 and
375 1446 25 32 if
410 1459 78 30 your
504 1448 179 32 conscience
699 1450 72 31 tells
787 1462 62 30 you
865 1451 68 33 that

104 1510 56 31 her
190 1509 79 42 guilt
300 1509 25 31 is
362 1508 216 42 irretrievable,
605 1510 71 42 why
708 1511 38 33 do
774 1523 59 31 you
866 1513 67 41 pity
