1079 1710
894 82 50 26 187

311 89 63 20 THE
398 89 210 21 UNEXPECTED
631 89 134 21 RETURN.

202 162 85 33 Hold
310 177 77 29 your
417 171 123 36 tongue,
569 167 60 40 boy
641 167 6 31 !
704 165 168 33 exclaimed
894 165 51 31 the

127 224 130 41 speaker
292 226 68 31 who
394 227 61 31 had
477 227 78 32 been
584 227 162 32 addressed
773 239 34 20 as
836 226 109 32 Excel-

127 283 90 44 lency
245 287 60 30 and
336 287 42 32 M.
410 288 27 31 le
462 288 156 32 Marechal
632 302 6 26 ;
692 288 15 32 I
731 288 53 32 tell
808 299 61 30 you
884 288 23 31 it
922 287 23 31 is

127 351 56 26 not
198 348 134 40 possible
354 348 68 32 that
445 360 47 20 we
509 349 109 32 should
633 349 91 32 avoid
739 361 18 20 a
772 354 87 36 great
873 360 72 28 war,

127 407 62 30 and
219 408 74 32 then
334 409 53 31 the
423 410 144 32 foremost
597 415 85 37 posts
722 410 33 31 of
787 408 158 33 command

129 468 62 30 will
207 469 37 31 be
260 470 94 40 given
370 475 29 27 to
416 470 51 32 the
483 482 71 20 men
571 470 101 32 whom
687 470 53 32 the
757 470 83 32 chief
851 470 33 31 of
895 470 50 30 the

128 533 80 27 state
238 529 109 32 knows
379 531 74 39 best,
481 531 60 31 and
570 531 116 31 around
713 531 83 31 them
827 530 60 31 will
909 530 36 31 be

128 591 138 40 grouped
293 592 41 30 all
358 592 51 31 the
434 603 136 30 younger
586 592 117 31 officers
731 592 33 31 of
782 592 52 30 the
851 603 94 29 army,

129 650 68 31 who
210 650 77 32 have
304 662 61 30 any
380 652 156 31 ambition.
585 652 82 32 Such
683 652 115 31 felloAvs
815 664 32 19 as
864 652 81 31 Lan-

127 722 81 29 cour,
237 711 94 40 there,
356 712 60 30 will
447 712 37 31 be
524 713 139 40 generals
694 712 101 32 before
829 712 116 41 they're

204 832 37 31 In
271 832 53 32 the
350 833 67 31 first
441 833 96 41 place,
806 833 141 41 repeated

127 893 117 41 Victor,
294 894 16 31 I
332 894 38 31 do
386 899 53 26 not
455 895 172 40 altogether
644 894 86 32 share
746 906 77 29 your
839 894 106 31 enthu-

127 956 94 30 siasm
237 956 92 30 about
344 956 85 31 what
449 967 60 30 you
526 956 58 31 call
605 967 18 20 a
638 960 88 36 great
742 967 63 19 war
818 968 5 27 ;
848 955 61 31 and
933 956 14 30 I

127 1017 115 40 belong
256 1022 31 26 to
304 1017 53 31 the
373 1028 71 19 men
460 1017 34 31 of
505 1028 52 30 my
573 1017 81 39 time,
673 1017 67 30 who
768 1016 179 42 (altogether

127 1077 254 42 unprofessional)
414 1082 113 27 esteem
565 1089 93 30 peace
690 1089 32 19 as
753 1077 134 40 superior
917 1082 29 26 to

199 1199 134 33 Pedants
357 1199 60 32 and
696 1199 93 32 broke
805 1199 31 32 in
858 1200 42 32 M.
919 1200 25 31 le

123 1260 168 40 Marechal,
310 1260 71 32 Avith
398 1272 17 20 a
431 1260 105 41 growl.

198 1322 73 40 Yes,
300 1321 220 43 philosophers,
548 1321 16 32 I
594 1326 91 37 grant
714 1332 60 31 you
789 1335 6 26 ;
819 1321 65 32 that
911 1321 33 40 is,

124 1395 72 20 men
212 1382 70 32 who
309 1381 89 33 think
414 1393 17 20 a
447 1382 97 31 man's
568 1381 49 33 life
645 1393 18 20 a
679 1381 139 32 valuable
848 1381 96 42 thing,

123 1444 62 32 and
229 1443 114 42 utterly
382 1442 156 43 repudiate
586 1442 53 32 the
676 1442 268 32 food-for-cannon

121 1507 111 40 theory
243 1519 6 28 ;
283 1505 64 40 but,
380 1503 118 32 besides
529 1503 75 41 that,
631 1504 15 31 I
673 1503 78 32 have
782 1508 54 27 not
867 1515 77 30 your
