1079 1710
457 91 59 21 TOO
539 92 93 20 DEAR.

900 86 52 25 219

132 163 158 41 pleasures
291 185 43 4 —
335 178 61 30 you
416 167 118 32 neither
556 168 33 31 of
611 180 60 29 you
691 168 31 31 in
743 168 106 41 reality
868 168 83 31 mind

131 224 138 34 whether
280 226 53 33 she
345 227 76 32 lives
434 240 34 19 or
479 229 72 32 dies.
598 230 95 31 Don't
704 234 116 37 protest
831 229 120 41 against

131 298 54 30 my
204 287 110 42 words,
338 288 25 32 it
382 289 26 31 is
429 289 51 33 the
502 291 85 31 truth
601 292 5 31 !
641 303 61 29 you
726 303 52 20 are
796 291 94 31 bored
910 291 41 41 by

131 347 52 32 the
199 348 100 32 whole
315 349 89 43 thing
405 370 43 4 —
448 351 131 41 nothing

209 409 15 31 I
241 421 105 21 assure
366 423 61 29 you
448 424 61 29 you
530 424 50 20 are
602 413 151 32 mistaken
774 425 34 20 as
822 418 33 27 to

131 470 117 42 replied
270 472 44 32 M.
333 473 38 31 de
391 474 183 31 Beauvoisin
588 487 6 27 ;
648 485 74 31 poor
745 474 148 33 Claudine
905 475 6 32 !
936 474 13 32 I

132 532 85 32 often
240 533 89 32 think
349 534 33 31 of
405 535 63 32 her.
525 535 32 31 Is
589 535 54 32 she
670 535 91 32 much
791 535 158 42 changed?

134 594 81 31 what
236 595 39 31 do
298 595 53 32 the
370 596 121 31 doctors
512 607 56 31 say
585 596 23 32 it
627 596 48 32 is?
706 596 55 32 but
783 596 16 31 I
819 596 130 41 thought

131 666 53 30 my
223 656 88 31 uncle
355 668 63 20 was
460 657 228 41 tremendously
726 657 126 31 anxious
891 656 58 32 and

174 778 86 31 Mile,
280 778 36 31 de
332 778 237 42 Mourjonville's
586 779 175 42 expression
777 779 34 32 of
826 784 122 27 counte-

131 849 97 21 nance
244 850 64 20 was
325 839 126 39 altered,
465 851 33 20 as
515 839 53 33 she
584 840 102 32 rather
701 839 157 42 hurriedly
875 840 73 39 said,

161 899 49 32 Oh
222 913 6 27 ;
264 911 61 31 you
361 900 92 32 know
482 900 53 32 the
561 901 119 31 doctors
711 900 72 42 give
813 901 135 32 different

131 960 138 42 opinions
271 980 43 3 —
315 973 46 20 we
385 972 50 21 see
458 973 33 20 so
515 973 93 30 many
632 961 33 32 of
684 961 82 32 them
781 975 7 28 ;
820 962 55 31 but
897 962 51 31 the

131 1021 104 33 illness
265 1033 99 21 seems
394 1027 32 26 to
453 1022 38 32 be
515 1034 18 20 a
555 1022 73 31 kind
653 1022 34 32 of
706 1023 114 41 gastric
846 1023 83 32 fever
942 1037 6 27 ;

130 1094 84 21 some
238 1082 34 32 of
291 1082 85 33 them
397 1094 55 31 say
467 1083 73 42 they
562 1088 110 27 cannot
692 1084 88 31 make
799 1084 25 31 it
844 1090 52 25 out
915 1089 33 27 at

128 1144 49 40 all,
207 1144 61 32 and
294 1144 68 32 that
391 1144 23 32 it
445 1144 24 32 is
501 1144 168 32 wonderful
694 1144 52 32 she
771 1145 24 31 is
820 1150 51 27 not
896 1151 51 36 yet

128 1204 80 32 dead
220 1218 5 27 ;
251 1204 103 32 others
370 1205 89 41 again
474 1205 71 42 give
562 1205 94 43 hopes
673 1206 34 31 of
722 1206 55 31 her
791 1218 153 30 recovery.

129 1266 171 41 Fourchon,
323 1266 52 32 the
396 1278 69 20 new
486 1267 145 41 celebrity
650 1267 100 31 whom
772 1268 175 41 everybody

126 1340 89 20 raves
242 1328 102 40 about,
368 1340 63 19 was
457 1328 94 31 called
575 1329 31 30 in
632 1329 170 41 yesterday,
826 1330 59 31 and
907 1329 38 32 he

126 1391 88 42 gives
242 1390 116 31 serious
384 1390 103 41 hopes.
536 1390 60 32 She
623 1390 25 31 is
672 1390 100 32 better
794 1391 108 41 to-day
902 1410 43 3 —

126 1452 92 33 much
242 1452 101 32 better
356 1465 7 27 ;
387 1451 118 41 though
528 1451 51 32 the
602 1452 88 41 night
713 1463 63 20 was
799 1452 67 38 bad,
891 1452 53 32 she

127 1521 59 33 ate,
209 1514 62 32 this
310 1513 153 41 morning,
488 1513 72 32 with
590 1525 18 20 a
630 1513 76 33 kind
728 1513 34 33 of
793 1514 132 40 appetite
939 1528 6 26 ;
