1079 1710
299 91 64 22 THE
386 92 210 22 UNEXPECTED
619 93 135 21 RETURN.

882 88 51 25 181

116 175 132 32 passage
272 166 32 32 in
329 167 135 32 German
491 167 114 43 history
621 168 99 32 which
740 168 61 32 had
828 168 108 42 deeply

116 226 169 42 impressed
311 228 54 32 her
392 228 160 33 childhood
566 243 6 27 ;
598 229 33 32 of
648 229 68 32 that
742 241 82 31 poor,
848 230 88 41 igno-

116 294 71 26 rant
202 289 175 43 lumbering
392 289 83 42 hero,
494 290 75 33 Otto
585 290 33 32 of
637 291 213 40 Wittelsbach,
867 291 70 31 who

117 355 48 27 set
181 356 53 26 out
249 351 129 42 bearing
392 356 33 27 to
441 352 52 31 the
510 352 86 42 King
612 352 33 31 of
665 352 117 32 Poland
806 364 18 19 a
848 353 89 31 letter

117 411 78 32 from
211 412 47 31 his
281 413 99 31 friend
400 413 52 31 the
478 413 150 41 Emperor
644 413 109 42 Philip,
771 414 30 30 in
828 413 109 40 which,

119 473 148 42 counting
306 486 82 29 upon
420 473 101 33 Otto's
552 474 136 41 inability
718 479 31 26 to
780 475 81 39 read,
886 474 52 31 the

120 534 112 31 Kaiser
272 535 115 30 abused
428 534 72 40 him,
533 535 60 30 and
624 535 232 31 recommended
892 535 46 31 his

119 595 125 31 brother
268 600 157 36 potentate
449 600 33 26 to
513 595 99 31 throw
635 595 62 30 him
727 595 62 31 into
817 595 102 41 prison
930 596 6 30 !

119 655 123 41 Olivuer,
259 656 31 30 in
315 656 126 32 Claire's
460 661 122 34 esteem,
601 667 62 20 was
685 655 171 41 exhibiting
872 655 66 42 just

119 716 63 31 this
202 721 63 27 sort
287 716 34 31 of
339 716 163 31 brute-like
524 721 88 35 trust,
629 716 61 31 and
712 716 46 31 his
774 715 164 32 innocence

117 779 60 31 and
193 779 166 39 ignorance
375 778 151 31 wounded
541 778 55 30 her
609 782 31 27 to
657 777 52 32 the
724 789 77 20 core.

160 840 124 39 Olivier,
304 851 38 19 on
364 839 48 31 his
434 839 73 39 side,
524 839 88 31 could
637 839 64 30 talk
724 839 60 30 and
802 838 89 31 think
910 839 32 30 of

116 901 131 40 nothing
268 901 56 30 but
350 900 118 39 Victor,
496 899 45 31 for
565 899 101 31 whom
689 899 46 31 his
756 899 181 31 admiration

116 961 61 32 had
210 961 116 40 always
360 960 78 31 been
468 959 159 42 profound.
675 959 65 31 The
772 971 56 19 one
867 960 69 41 only

117 1033 104 20 career
249 1021 39 31 he
313 1020 61 31 had
406 1020 111 41 longed
540 1019 46 32 for
615 1031 64 20 was
710 1020 51 31 the
786 1031 103 20 career
909 1020 33 31 of

117 1094 91 28 arms,
226 1081 100 31 which
350 1080 61 31 had
437 1080 77 31 been
540 1080 156 31 forbidden
721 1080 61 31 him
795 1094 6 26 ;
826 1081 59 30 and
905 1092 33 19 as

118 1155 81 29 envy
215 1153 64 20 was
302 1142 114 41 utterly
432 1141 116 41 foreign
569 1145 33 27 to
624 1141 47 31 his
691 1146 116 35 nature,
824 1141 38 31 he
878 1141 59 31 had

119 1204 149 41 sincerely
295 1202 129 42 enjoyed
456 1202 167 31 Lancour's
648 1214 132 27 renown,
806 1202 61 31 and
890 1214 48 20 re-

117 1265 101 33 velled
244 1264 32 31 in
301 1263 52 32 the
376 1262 133 43 military
527 1262 171 32 distinction
714 1263 142 32 Lancour
877 1263 60 31 had

116 1326 149 32 achieved
281 1337 33 19 as
330 1324 25 31 if
365 1324 38 31 he
420 1324 123 31 himself
554 1324 61 31 had
631 1336 68 19 won
715 1324 31 32 it.

160 1387 103 32 When
287 1386 107 31 Victor
418 1397 63 19 was
508 1385 110 31 known
645 1391 31 26 to
701 1386 77 31 have
806 1386 129 41 actually

118 1448 145 33 returned
293 1452 32 26 to
357 1447 125 40 France,
511 1451 31 27 to
573 1447 37 31 be
640 1447 31 31 in
701 1447 96 40 Paris,
826 1447 41 31 M.
900 1447 35 31 de

116 1509 187 35 Beauvoisin
341 1509 90 31 knew
463 1520 39 19 no
533 1520 92 29 peace
657 1509 55 31 but
745 1509 30 30 in
813 1508 122 41 putting
