1079 1710
149 72 51 26 250

378 79 84 21 LOVE
485 79 65 21 THE
574 78 162 21 AVENGER.

221 157 90 40 Well,
330 157 15 31 I
362 157 39 31 do
417 157 59 31 feel
493 155 217 42 outrageously
725 154 115 42 happy,

147 219 133 42 rejoined
308 218 124 40 Olivier,
462 217 125 42 looking
610 217 65 42 just
699 216 85 31 what
807 214 47 31 his
878 212 100 33 words

147 281 159 31 described
317 294 7 27 ;
379 280 61 31 and
464 280 58 31 I'm
547 290 69 21 sure
634 279 15 31 I
666 278 77 32 Avish
767 289 62 30 you
848 275 61 33 and
925 287 53 30 my

147 347 74 26 aunt
237 354 93 27 every
347 341 128 31 comfort
490 340 32 32 in

310 403 55 31 but
382 402 15 31 I
417 402 72 31 dare
506 413 64 31 say,
589 401 46 32 for
655 401 38 32 all
715 401 77 40 that,
810 400 121 32 neither
948 399 34 32 of

147 475 61 30 you
224 463 134 42 thought
382 463 34 32 of
437 463 145 41 drinking
602 475 53 30 my
671 462 105 32 health
793 466 32 27 at

147 526 149 31 observed
322 526 144 31 Madame
499 525 161 40 Claudine,
694 524 75 32 with
800 524 103 42 gentle
931 535 48 20 re-

146 587 238 42 proachfulness.
467 587 131 33 Confess
629 587 70 32 that
729 587 68 31 that
828 598 64 19 Avas
924 590 55 27 not.

147 648 132 41 thought

228 714 91 36 grant
329 709 51 32 the
572 709 116 41 replied
697 710 42 32 M.
751 709 37 32 de
799 710 177 40 Moranges.

249 775 91 37 grant
368 771 23 32 it
522 771 99 32 added
646 771 136 40 Olivier;
919 772 58 31 I'm

147 844 33 19 so
207 832 146 31 ashamed
381 832 34 31 of
434 844 53 30 my
511 832 124 42 neglect
662 832 69 31 that
762 833 48 30 I'll
837 833 89 31 drink
954 834 23 31 it.

147 906 69 19 noAV
246 895 30 30 in
307 894 152 41 anything
489 906 61 29 you
586 894 111 31 choose
713 896 6 31 !
781 896 87 31 More
899 896 76 31 than

269 956 66 31 said
358 956 47 40 he,
423 956 159 41 laughing,
607 957 76 31 "I'll
708 957 89 31 drink
820 957 25 32 it
868 957 31 32 in
924 957 52 32 the

146 1017 82 40 glass
252 1017 34 31 of
304 1017 108 41 physic
437 1021 31 27 at
495 1029 77 29 your
596 1018 98 31 elbow
706 1031 6 28 ;
770 1018 60 32 and
854 1018 39 33 he
919 1024 57 37 put

147 1083 53 26 out
215 1079 47 31 his
277 1079 83 30 hand
377 1078 134 32 towards
529 1090 18 20 a
562 1079 86 42 large
664 1079 85 42 glass
773 1081 146 42 standing
936 1093 39 20 on

147 1140 50 32 the
213 1140 91 40 table,
322 1140 80 32 close
418 1145 33 27 to
473 1140 52 32 the
551 1141 147 42 Sphinx's
721 1143 175 41 arm-chair,
914 1144 62 32 and

147 1204 81 31 filled
244 1203 74 32 with
335 1215 18 19 a
368 1203 68 41 pale
454 1204 53 30 red
523 1204 104 40 liquid.

191 1263 61 32 She
268 1263 114 32 smiled.

223 1324 56 40 Oh,
297 1324 69 31 that
389 1325 199 41 punishment
611 1338 60 29 you
690 1327 101 41 might

147 1385 53 32 she
241 1385 167 41 remarked,
452 1386 177 42 cheerfully.
716 1388 56 33 It's
812 1389 73 43 only
923 1403 54 29 my

147 1450 218 38 pomegranate
408 1458 92 30 syrup
532 1448 100 32 which
664 1449 131 42 Aspasie
826 1450 58 32 has
909 1451 67 42 just

147 1509 147 41 prepared
310 1508 46 31 for
372 1520 48 19 me
423 1528 42 2 —
467 1509 81 39 dear,
566 1509 180 42 thoughtful
763 1511 151 40 Aspasie!
