1079 1710
869 82 51 26 155

390 87 64 21 THE
477 88 163 21 PROPOSAL.

103 160 60 31 self
181 161 70 32 who
278 161 61 33 had
359 162 65 43 just
449 163 145 32 achieved
617 164 82 31 what
717 164 53 31 she
797 164 46 31 for
868 164 49 31 the

103 227 138 27 moment
255 228 83 27 most
353 224 113 41 longed
480 225 54 32 for.

151 285 14 13 ;t
180 284 81 32 That
442 287 147 31 observed
611 288 44 30 M.
683 287 36 31 de
746 288 174 39 Moranges,

104 344 106 43 laying
226 346 52 31 the
294 346 116 32 branch
427 347 33 31 of
476 348 187 41 stephanotis
684 360 38 19 on
747 347 173 32 Claudine's

105 406 56 31 fair
191 407 75 41 hair,
329 408 23 31 is
383 409 60 31 like
474 409 52 31 the
557 409 78 31 satin
666 409 33 31 of
723 421 76 29 your
830 408 68 31 skin
915 421 5 27 ;

104 473 54 27 not
183 475 31 25 at
245 470 61 31 this
528 470 38 31 he
593 470 169 39 continued,
795 469 73 31 wdth
903 480 18 21 a

105 530 95 40 smile,
264 531 46 31 for
339 542 60 30 you
429 542 50 20 are
513 542 34 20 as
582 531 53 31 red
665 542 32 20 as
727 531 52 31 the
810 531 110 30 scarlet

104 592 242 40 passion-flower
368 592 84 31 there
475 603 39 20 on
534 592 51 31 the
607 592 76 31 wall.
729 592 16 30 I
768 603 49 19 am
839 591 82 40 truly

104 653 131 40 rejoiced
257 658 34 26 at
312 653 52 32 the
387 653 137 41 pleasure
552 653 15 31 I
595 653 78 31 have
696 653 77 31 been
797 653 66 31 able
889 657 32 26 to

103 713 69 41 give

179 775 49 32 Oh
241 776 6 31 !
272 775 117 39 indeed,
418 775 116 32 indeed.
582 776 13 31 1
627 787 50 20 am
700 775 52 32 the
779 776 140 42 happiest.

104 847 119 20 woman
245 835 30 32 in
298 835 52 32 the
514 835 80 33 cried
617 836 52 32 the
694 836 125 42 Sphinx,
848 836 71 32 Avith

103 909 38 19 an
153 897 169 31 exultation
338 897 54 31 she
409 898 89 30 could
513 902 54 26 not
581 902 122 26 master.

146 958 65 31 The
230 958 137 42 Marquis
389 970 85 20 came
492 970 108 20 nearer
626 964 32 26 to
678 959 62 40 her,
766 959 60 31 and
847 959 72 31 took

103 1020 54 31 her
169 1020 90 31 hand.

380 1083 39 31 he
445 1083 71 37 said,
544 1083 30 31 in
605 1094 39 20 an
668 1083 110 32 almost
804 1083 116 32 serious

102 1150 79 35 tone,
244 1145 78 32 have
353 1157 60 30 you
444 1150 53 27 not
517 1144 141 33 reflected
682 1144 67 32 that
779 1144 84 32 there
896 1144 24 31 is

103 1207 171 41 something
315 1206 122 42 beyond
473 1206 92 41 being
602 1206 143 32 Madame
785 1206 36 32 de
864 1206 56 32 Sa-

176 1330 119 31 What?
342 1329 54 32 she
413 1330 102 39 asked,
533 1329 215 40 wonderingly.

307 1390 69 31 who
416 1402 51 19 are
498 1391 118 30 Barons
643 1390 34 31 of
704 1390 136 40 Savaray
867 1400 49 20 are

103 1453 171 41 Marquises
291 1451 34 32 of
335 1452 166 40 Moranges
608 1451 38 31 he
662 1450 150 31 resumed.

179 1515 73 38 Yes,
269 1514 16 31 I
300 1513 92 31 know
407 1512 24 31 it
445 1512 26 31 is
486 1512 53 31 the
561 1512 65 31 title
650 1511 34 31 of
701 1523 76 30 your
