1079 1710
152 75 52 26 240

382 82 83 20 LOArE
489 82 64 20 THE
577 81 161 21 AVENGER.

152 160 209 42 appointment
392 160 112 32 caused
535 160 63 31 him
630 159 41 42 by
695 158 85 32 Mile,
810 157 37 32 de
876 158 106 31 Mour-

144 222 154 40 jonville's
314 223 139 31 absence.

251 288 83 28 must
350 296 50 20 see
518 296 63 20 Avas
598 284 40 31 all
654 283 38 32 he
706 287 83 27 Avent
806 293 40 21 on
862 286 120 38 repeat-

151 345 73 41 ing;
248 345 61 31 and
334 350 32 27 at
392 346 79 32 last:
573 358 51 19 see
650 345 56 31 but
731 356 59 20 one
943 342 39 33 he

152 406 74 41 said,
285 407 15 31 I
326 407 68 31 dine
427 407 73 32 here
708 406 64 43 (the
802 405 180 32 tirewoman

154 467 148 32 observed
317 468 69 32 that
402 468 53 32 she
471 469 91 31 knew
577 469 87 31 there
681 480 64 19 Avas
771 479 19 20 a
809 471 91 38 great
916 467 66 31 din-

153 541 54 19 ner
231 532 31 28 at
288 528 53 32 the
366 529 104 41 hotel),
533 529 55 32 tell
614 528 235 33 Mademoiselle
873 528 69 32 that
967 527 15 32 I

150 590 61 31 will
236 601 86 21 come
338 601 75 31 very
430 590 84 43 early
515 610 41 3 —
559 602 18 21 a
602 591 82 42 good
705 590 158 32 half-hour
878 590 104 32 before

150 652 143 42 anybody
309 652 61 32 else
371 673 43 1 —
415 652 27 32 if
460 652 55 32 she
531 652 62 32 will
609 653 37 31 be
663 653 103 42 ready.
815 653 15 31 I
848 652 62 32 will
927 657 55 27 not

150 715 102 31 detain
277 715 54 31 her
357 715 80 41 long,
456 715 56 31 but
527 716 15 30 I
559 715 79 32 have
666 727 19 20 a
708 720 83 27 most
812 715 170 42 important

150 781 111 27 matter
277 782 32 25 to
326 777 96 39 speak
438 781 32 27 to
487 777 55 31 her

226 836 137 42 Perhaps
402 837 174 42 something
614 839 168 32 connected
813 839 76 32 with
927 839 52 32 the

371 900 167 40 suggested
563 900 107 42 archly
691 901 52 32 the
771 902 208 42 lady's-maid,

154 960 157 41 assuming
326 960 51 31 the
393 960 149 42 privilege
559 961 34 32 of
603 961 55 32 her
674 963 140 39 position.

226 1021 84 42 Why
311 1042 44 2 —
356 1034 55 29 yes
414 1042 40 2 —
458 1022 29 32 in
504 1022 70 41 fact,
592 1022 66 34 that
684 1024 25 31 is
806 1026 175 42 responded

154 1082 195 42 disjointedly
366 1082 116 33 Olivier
496 1097 6 27 ;
559 1084 61 32 and
644 1085 24 32 it
691 1086 25 31 is
733 1086 35 31 of
787 1087 54 32 the
865 1092 116 28 utmost

194 1203 82 32 How
291 1204 115 32 Olivier
421 1213 54 34 got
496 1207 137 42 through
658 1209 54 32 the
729 1209 60 44 day
804 1210 39 33 he
859 1211 126 33 himself

150 1263 107 42 hardly
272 1264 99 39 knew,
388 1266 55 31 but
466 1271 31 27 at
513 1268 74 31 each
607 1270 105 33 stroke
730 1271 34 32 of
785 1273 54 31 the
863 1275 116 39 timbre,

150 1325 61 31 and
228 1329 31 27 at
275 1325 74 32 each
366 1327 132 42 opening
522 1330 62 31 and
602 1330 139 44 shutting
757 1334 34 31 of
813 1335 54 32 the
889 1343 93 36 porte

151 1385 121 32 cochere
288 1385 39 32 he
344 1388 114 31 started
476 1391 173 43 nervously,
668 1394 60 31 and
752 1395 133 34 listened
902 1398 78 32 Avith

152 1446 170 33 breathless
354 1450 157 32 attention.
557 1452 51 33 He
633 1466 64 21 Avas
725 1468 33 20 so
790 1458 191 34 determined

153 1513 54 27 not
222 1513 32 27 to
270 1509 37 32 be
324 1514 31 27 at
370 1509 89 34 home
476 1518 31 26 at
523 1513 148 44 half-past
694 1518 69 39 five,
781 1519 68 32 that
865 1525 32 27 at
912 1520 70 33 four
