1079 1710
152 84 34 25 22

382 89 83 21 LOVE
488 88 63 22 THE
574 86 160 22 AVENGER.

195 163 80 33 Yes!
299 163 55 32 but
377 163 32 31 in
435 162 53 32 the
515 171 130 21 oneness
673 158 35 33 of
726 157 71 33 that
812 157 79 39 love,
908 155 71 32 how

151 235 61 32 you
245 224 100 42 might
378 224 79 32 have
491 221 129 34 marked
653 220 53 32 the
745 218 163 33 difference
947 217 35 32 of

152 285 104 42 loving
278 285 139 32 between
439 284 54 32 the
515 295 121 20 Avoman
662 281 60 33 and
746 281 53 32 the
821 291 72 21 man
905 279 6 33 !
936 279 41 32 he

153 357 63 21 was
231 345 146 41 tortured,
395 345 53 32 she
473 356 64 20 was
553 344 78 32 calm
645 356 7 28 ;
677 343 38 32 he
742 342 62 33 had
829 340 148 33 achieved

152 406 128 43 victory,
297 407 56 31 but
368 406 60 32 had
444 406 109 42 fought
576 405 110 42 hardly
701 404 46 33 for
765 405 33 40 it,
816 403 103 32 whilst
944 407 32 27 to

151 468 55 32 her
230 468 53 32 the
308 468 229 32 consciousness
559 467 35 32 of
615 467 95 42 being
736 466 91 32 loved
854 477 64 20 was
942 476 35 20 so

152 530 147 42 sufficing,
316 529 67 32 that
399 541 33 20 as
447 533 53 38 yet
515 528 55 33 she
590 528 91 32 knew
697 528 35 32 of
749 539 41 21 no
806 527 119 42 victory
941 531 33 27 to

152 591 79 41 fight
245 591 55 41 for,
317 591 55 32 she
394 590 63 32 had
482 590 113 42 gained
622 589 191 43 everything,
831 588 62 33 and
920 588 54 33 felt

152 657 80 27 most
247 652 44 31 for
306 652 48 31 his
370 651 152 40 suffering.

226 713 15 31 I
257 712 78 32 have
352 724 86 20 come
453 717 32 26 to
507 723 53 31 say
774 711 63 32 said
854 711 117 40 Victor,

152 777 32 27 at
198 773 66 31 last.

254 834 89 31 kneAV
375 845 62 30 you
466 833 102 32 Avould
598 845 105 30 come;
738 834 16 31 I
780 833 81 33 have
893 834 77 31 been

154 894 162 41 expecting
439 894 158 31 ansAvered
613 894 90 41 softly
720 894 110 33 Claire.

268 956 78 31 have
369 967 86 20 come
478 959 33 28 to
539 967 54 30 say
829 956 142 41 repeated

153 1016 115 31 Victor.

304 1076 37 31 do
499 1076 114 42 replied
623 1076 52 31 the
686 1088 105 30 young
802 1077 168 42 Marquise,

153 1137 31 31 in
201 1148 17 20 a
233 1148 83 20 more
344 1136 136 32 subdued
504 1141 71 27 tone
584 1150 7 27 ;
615 1137 70 41 and,
703 1137 77 32 after
803 1149 40 20 an
858 1139 113 41 imper-

153 1197 130 43 ceptible
298 1209 101 31 pause,
449 1209 61 31 you
534 1198 38 31 do
587 1197 124 43 rightly,
729 1209 34 21 as
777 1210 62 30 you
855 1199 116 43 always

239 1258 54 32 she
310 1258 98 32 added
424 1258 113 43 sloAvly,
552 1259 60 31 and
629 1259 125 42 looking
769 1265 33 26 at
817 1260 64 32 him
894 1262 76 31 Avith

152 1320 106 32 tender
269 1319 208 42 approbation,
627 1320 25 32 is
664 1321 24 31 it
696 1333 61 29 you
768 1333 51 21 are

226 1381 45 30 To
438 1380 39 31 he
493 1381 139 40 rejoined.

195 1441 128 32 Claire's
353 1441 86 32 heart
469 1453 78 30 gave
585 1454 57 20 one
681 1443 111 42 bound,
825 1444 60 33 and
917 1445 53 33 she

151 1503 107 32 turned
274 1502 76 41 pale.
