1079 1710
221 83 63 20 THE
307 84 91 20 DARK
420 84 137 20 SHADOW
581 84 111 20 PASSES
715 85 104 19 AWAY.

877 79 51 25 175

155 158 102 33 When
289 159 101 32 Claire
421 172 65 19 was
521 172 76 19 once
636 172 84 19 more
751 161 89 30 alone
871 160 61 31 and

110 219 115 33 hidden
254 219 78 33 from
359 220 78 32 view
467 221 31 31 in
522 221 53 32 the
600 233 107 20 corner
732 221 34 31 of
787 221 56 32 her
864 233 67 19 own

111 282 149 42 carriage,
278 282 54 32 she
348 295 80 29 gave
444 295 78 29 way,
540 283 69 40 and,
627 283 46 31 for
698 283 52 31 the
767 283 66 31 first
848 283 82 39 time,

112 344 243 41 acknowledged
381 349 33 27 to
438 345 119 31 herself
575 345 68 31 that
669 356 17 20 a
709 345 134 31 burthen
873 345 60 31 had

113 418 70 19 now
205 406 81 31 been
301 405 61 32 laid
377 418 83 30 upon
486 406 56 32 her
561 406 100 31 which
685 406 23 31 it
728 418 62 19 Avas
812 406 121 41 beyond

113 466 57 31 her
187 467 139 40 strength
342 472 31 26 to
390 467 81 31 bear.
519 467 61 32 She
597 466 60 32 had
671 467 95 31 borne
781 467 53 31 the
850 478 83 20 news

113 527 36 31 of
160 528 133 31 Victor's
310 527 100 40 death,
431 527 55 31 but
501 528 133 31 Victor's
650 527 49 32 life
715 528 60 31 and
790 527 143 40 freedom,

114 588 63 31 and
192 588 68 31 love
274 589 6 31 !
283 606 42 5 —
327 588 55 31 she
409 588 174 32 shuddered
606 588 102 32 before
724 589 39 31 all
787 589 69 39 this,
874 589 59 31 and

114 650 55 32 felt
184 650 164 40 miserably
359 649 141 41 helpless.

193 710 59 40 Oh,
280 710 130 39 mother,
432 710 119 32 mother
562 711 6 31 !
623 710 53 32 she
702 710 88 40 cried,
821 711 112 42 stifling

114 773 57 31 her
201 771 71 33 sobs
302 771 32 32 in
364 771 52 32 the
448 771 142 32 cushions
627 771 34 32 of
696 772 52 32 the
779 773 134 41 carriage
926 786 6 26 ;

244 833 90 32 could
360 844 61 31 you
449 832 100 32 doit?
549 852 43 3 —
592 832 69 32 how
678 832 88 32 could
788 844 59 31 you
864 845 69 20 con-

115 896 93 31 demn
224 907 49 19 me
289 899 32 27 to
337 894 47 32 it?
