1079 1710
143 70 50 28 132

371 77 82 19 LOVE
475 74 65 22 THE
563 72 160 22 AVENGER.

144 155 83 32 leant
242 154 47 31 his
312 153 80 32 back
408 151 122 42 against
551 150 29 38 it,
600 148 60 32 and
683 145 112 34 looked
812 142 159 35 scrutinis-

145 216 93 42 ingly,
271 215 55 31 but
356 218 54 27 not
440 213 30 30 in
502 211 197 42 displeasure,
732 213 32 27 at
788 207 53 32 the
867 215 104 34 young

144 276 164 39 Marquise.

221 337 55 40 My
293 336 72 31 dear
382 335 110 39 Claire,
510 333 84 31 Avhat
610 332 38 32 do
671 343 62 31 you
749 331 92 31 knoAV
858 328 34 32 of
911 327 61 32 this

149 399 131 39 person?
325 398 37 31 he
379 397 103 32 asked.

190 459 62 33 She
282 458 110 33 looked
424 458 90 33 down
545 456 171 33 someAvhat
751 453 220 40 disconcerted,

147 521 59 31 and
219 521 166 38 answered,
403 519 153 40 blushing,
558 538 45 4 —

223 583 96 31 What
331 594 153 28 everyone
500 581 30 32 in
547 581 88 32 Paris
651 580 106 31 knows

343 643 165 32 continued
530 642 53 32 the
608 641 146 42 Marquis,
905 651 73 20 con-

155 706 120 31 stitutes
305 705 31 30 in
366 716 76 30 your
472 704 122 41 opinion
625 703 75 31 such
726 714 38 20 an
793 706 128 28 amount
948 700 35 32 of

153 766 112 41 misery
281 766 67 31 that
369 777 62 29 you
453 763 156 34 forthwith
633 764 105 31 decide
763 775 83 31 upon
866 762 112 33 strain-

155 829 53 40 ing
221 839 91 30 every
327 839 94 19 nerve
445 832 31 26 to
500 826 140 31 alleviate
656 826 24 31 it
694 839 6 18 :
726 825 83 32 don't
824 824 155 43 interrupt

155 902 58 28 me,
239 901 75 30 pray
329 901 5 20 :
359 889 26 30 if
403 900 45 20 Ave
475 888 88 32 could
587 900 41 29 go
656 888 149 41 seriously
832 888 64 31 into
926 886 53 32 the

154 950 141 43 question
327 950 110 42 (Avhich
469 961 45 21 we
547 950 121 40 cannot)
697 950 87 31 there
812 949 102 32 Avould
942 949 39 31 be

158 1015 110 27 matter
283 1010 46 31 for
344 1014 163 37 argument
525 1010 130 31 Avithout
671 1010 68 39 end,
766 1009 46 31 for
828 1021 46 20 we
898 1013 85 27 must

160 1071 72 32 then
249 1082 108 20 reason
373 1071 210 42 consistently,
602 1071 61 31 and
686 1071 141 32 examine
843 1071 53 32 the
921 1071 62 32 fact

161 1132 34 32 of
216 1132 54 31 the
287 1132 155 32 existence
459 1132 35 31 of
511 1132 52 32 the
580 1132 87 40 class,
685 1132 35 32 of
741 1133 54 31 the
821 1133 118 40 species
941 1153 42 3 —

165 1193 51 32 the
238 1204 83 21 mere
344 1193 167 32 individual
527 1193 25 32 is
575 1194 139 42 nothing.
762 1195 14 31 I
800 1194 92 32 knoAV
907 1206 78 31 your

165 1254 84 43 point
264 1254 34 32 of
318 1254 77 32 vieAv
411 1254 25 32 is
459 1254 52 33 the
528 1255 107 42 purely
652 1255 145 42 religious
814 1268 58 19 one
886 1270 7 27 ;
925 1268 61 30 you

166 1328 50 19 are
241 1315 166 32 convinced
431 1315 66 32 that
528 1315 52 32 the
608 1316 121 32 Avelfare
763 1317 35 31 of
824 1328 19 20 a
867 1317 67 31 soul
961 1317 26 31 is

166 1376 166 43 imperilled
343 1389 5 19 :
378 1376 14 31 I
394 1397 42 1 —
438 1376 67 32 well
517 1378 5 30 !
547 1389 94 19 never
665 1378 86 31 mind
769 1378 83 31 what
868 1379 15 30 I
900 1378 88 31 think

167 1451 82 30 upon
270 1438 67 32 that
360 1438 117 42 subject
490 1439 6 32 !
498 1458 43 3 —
543 1440 14 30 I
579 1440 61 30 will
663 1445 129 27 consent
814 1445 32 27 to
870 1440 118 33 believe

170 1513 59 28 you
245 1500 148 41 perfectly
410 1500 126 41 sincere,
561 1501 60 31 and
636 1501 62 32 free
715 1502 77 32 from
809 1502 39 31 all
869 1502 120 33 clerical
