1079 1710
885 100 52 26 235

310 105 153 22 FREEDOM
485 107 75 20 WON
582 107 66 20 AND
671 107 80 20 LOST.

117 179 84 33 Mile.
221 181 142 43 Mourjon
379 183 68 32 that
462 189 32 26 to
517 189 53 36 get
585 184 46 31 rid
648 184 33 31 of
702 196 39 20 an
764 184 176 31 intolerable

115 253 180 31 annoyance
317 244 38 31 he
372 245 101 32 would
499 256 61 31 pay
576 257 60 30 any
651 245 91 42 price,
760 245 38 32 he
822 245 61 31 had
908 245 32 30 in

115 304 48 31 his
191 305 94 40 mind,
311 317 18 20 a
356 317 99 31 vague
487 307 105 31 notion
619 307 34 32 of
679 318 37 20 an
742 306 198 41 exceedingly

115 366 159 33 moderate
300 367 92 42 price.
439 368 65 32 The
530 373 135 27 moment
689 368 53 32 the
768 368 82 42 price
877 378 63 21 was

115 427 136 41 brought
267 428 90 32 down
372 440 83 30 upon
471 428 62 32 him
549 429 60 32 like
635 440 18 20 a
674 429 263 41 sledge-hammer,

115 487 24 32 it
155 488 51 31 did
223 488 83 32 what
322 500 17 20 a
355 489 80 32 bloAv
452 490 33 31 of
499 490 67 31 that
582 490 74 31 kind
672 490 81 39 does,
770 489 24 32 it
810 489 130 32 stunned

115 549 72 40 him,
221 550 60 31 and
311 550 47 32 his
389 562 75 30 very
492 550 171 32 indifferent
692 551 138 31 faculties
860 562 79 20 were

115 611 132 32 crushed
263 611 46 32 for
334 611 53 32 the
410 616 137 27 moment
572 612 122 41 beyond
717 612 52 31 the
792 623 103 30 poAver
911 611 32 32 of

114 673 179 41 combining
330 685 33 19 or
400 673 192 41 calculating.
646 673 49 31 He
733 673 131 41 thought
902 673 37 31 he

115 735 102 30 would
233 735 70 40 give
320 734 151 41 anything
495 740 32 25 to
555 746 109 29 escape
679 734 77 31 from
780 746 17 19 a
814 735 121 40 clanger,

114 796 58 31 but
186 796 53 31 the
295 796 151 41 anything
492 797 137 39 seeming
652 796 30 30 in
706 797 38 30 its
767 802 70 25 turn
852 801 32 26 to
900 796 38 31 be

113 862 55 26 out
184 857 35 32 of
229 858 53 31 the
300 858 138 41 question
453 871 7 26 ;
483 858 39 31 he
539 857 137 31 believed
700 857 38 31 he
763 857 88 31 could
867 857 72 31 bear

113 918 54 32 the
190 918 181 32 threatened
399 918 60 31 evil
472 931 6 27 ;
503 918 31 30 in
560 918 99 31 which
683 918 38 31 he
738 929 63 19 Avas
826 918 113 40 utterly

112 980 165 37 mistaken,
292 991 34 19 as
342 979 38 31 he
398 991 74 19 soon
488 978 104 32 found.

157 1041 51 31 He
235 1040 143 32 received
401 1052 17 19 a
439 1045 72 26 note
536 1040 78 30 from
631 1040 190 31 Mardonnet,
839 1039 98 32 Avhich

113 1101 38 31 he
180 1101 164 41 destroyed
376 1101 60 30 and
461 1101 51 30 did
537 1105 53 26 not
615 1112 119 19 ansAver
751 1114 6 26 ;
796 1101 141 40 fancying

112 1162 69 32 that
212 1162 41 41 by
284 1166 54 26 not
368 1161 175 40 answering
581 1161 23 31 it
633 1161 38 31 he
703 1161 88 31 could
830 1173 106 28 escape

111 1223 119 31 further
245 1222 204 41 importunity
463 1235 6 26 ;
493 1222 56 31 but
567 1222 72 31 then
664 1222 37 31 he
725 1222 60 31 had
800 1227 30 26 to
848 1222 87 31 settle

111 1289 148 27 accounts
276 1283 74 32 Avith
374 1283 53 31 the
456 1283 87 32 other
569 1289 98 36 party,
687 1283 59 31 and
762 1283 118 32 Gaston
900 1283 35 30 de

111 1345 153 32 Vivienne
288 1344 145 42 pinioned
460 1344 62 31 him
548 1344 97 40 doAAm,
672 1344 59 32 and
758 1344 88 31 made
873 1344 62 30 him

111 1407 112 42 pledge
240 1405 48 32 his
304 1405 119 32 honour
438 1405 67 31 that
521 1405 38 31 he
576 1405 100 32 Avould
703 1417 39 29 go
758 1405 39 32 all
814 1405 121 41 lengths

110 1469 76 31 with
202 1468 47 31 his
267 1478 68 21 own
352 1471 47 27 set
414 1466 31 31 in
462 1466 182 41 preventing
660 1466 182 32 Mardonnet
858 1466 77 32 from

108 1530 153 39 attaining
277 1528 46 32 his
340 1526 75 34 ends
442 1527 30 32 in
488 1527 52 33 the
555 1532 113 28 matter
684 1527 35 33 of
738 1528 53 31 the
809 1527 126 42 railway
