1079 1710
221 81 63 21 THE
308 81 89 21 DARK
421 82 137 22 SHADOW
580 82 112 22 PASSES
715 83 102 21 AWAY.

876 78 51 26 163

110 160 99 28 estate
232 168 33 20 as
293 157 146 32 Madame
466 158 29 32 la
520 158 164 42 Marquise,
706 163 31 27 to
762 158 167 32 remember

111 217 56 32 her
194 218 126 33 humble
348 220 191 42 companion,
575 221 60 30 and
664 225 55 37 put
750 220 55 31 her
834 220 95 31 above

112 284 90 27 want.
249 280 29 32 It
299 292 62 20 was
382 281 82 31 clear
484 286 32 26 to
541 281 172 32 Claudine's
735 281 196 42 comprehen-

112 340 68 32 sion
195 341 68 31 that
278 342 83 32 Mile,
380 342 36 31 de
433 342 236 42 Mourjonville's
691 343 123 32 interest
835 344 49 40 lay
900 344 31 31 in

112 401 62 32 this
206 403 153 41 marriage
370 417 7 27 ;
402 403 61 31 and
492 403 54 32 she
567 416 63 19 was
663 416 73 19 soon
762 404 170 42 persuaded

113 463 42 42 by
171 463 55 32 her
241 464 107 40 friend,
365 465 69 31 who
454 464 90 32 knew
569 465 40 31 all
634 465 90 31 about
747 466 82 31 what
851 472 81 25 went

114 538 41 19 on
181 526 31 30 in
237 526 52 31 the
314 526 104 40 world,
444 527 67 31 that
536 527 54 31 her
615 527 92 40 being
733 527 199 31 transformed

114 588 65 32 into
210 588 44 32 M.
288 588 36 31 de
354 588 210 31 Beauvoisin's
598 593 82 33 aunt,
713 588 49 31 did
787 588 65 41 just
882 588 50 31 the

115 660 121 20 reverse
265 649 33 31 of
323 648 176 41 separating
519 648 54 31 her
594 648 77 31 from
692 648 54 31 her
768 648 164 32 husband's

115 709 138 41 nephew.

159 770 62 33 She
252 769 123 42 quickly
404 774 54 36 got
487 769 77 32 used
593 769 31 31 in
650 769 61 32 this
735 781 68 30 way
827 774 31 27 to
884 770 49 31 the

119 831 105 33 notion
255 831 35 32 of
320 831 163 41 becoming
514 842 18 20 a
554 831 79 41 lady,
666 831 59 31 and
756 831 130 41 actually
917 842 16 20 a

117 892 132 32 married
266 903 66 28 one,
349 892 120 40 though
492 892 23 31 it
535 892 59 31 still
618 892 122 31 seemed
762 897 122 36 strange
900 897 32 26 to

116 954 55 31 her
198 953 67 32 that
292 952 85 32 there
409 952 108 32 should
542 952 38 32 be
613 964 33 20 so
673 952 74 32 little
773 952 159 32 difference

116 1014 141 32 between
286 1013 53 32 the
370 1018 134 27 customs
536 1013 30 31 of
591 1013 50 32 the
671 1013 108 41 higher
803 1013 59 32 and
881 1013 52 32 the

116 1074 94 30 lower
227 1074 119 30 classes.

188 1134 29 32 It
240 1134 25 31 is
292 1134 53 31 the
368 1145 111 29 money
494 1133 67 31 that
576 1133 105 32 makes
697 1133 52 31 the
766 1133 165 40 difference,

114 1195 62 33 and
201 1195 53 32 the
281 1206 69 29 way
378 1194 34 32 of
439 1194 91 42 doing
718 1194 61 31 had
806 1195 125 31 assured

115 1256 84 32 Mile.
227 1255 130 42 Aspasie
370 1268 7 25 ;
402 1255 59 31 and
485 1255 148 32 Claudine
657 1267 84 29 grew
761 1260 32 26 to
816 1256 116 30 believe

115 1317 62 31 her.

158 1378 99 33 Claire
274 1377 190 39 meanwhile,
482 1376 71 32 who
569 1376 60 32 had
645 1388 18 20 a
678 1376 130 42 genuine
825 1377 104 31 horror

111 1440 36 32 of
166 1440 39 31 all
230 1438 189 39 tittle-tattle,
436 1437 119 32 instead
582 1438 34 31 of
634 1438 125 41 making
779 1438 52 31 the
847 1438 81 31 Mar-

116 1502 93 40 quis's
239 1499 203 33 matrimonial
469 1499 87 41 plans
581 1510 18 20 a
625 1499 116 42 subject
766 1499 46 31 for
842 1499 89 31 confi-

776 1565 18 14 M
810 1560 12 19 2
