1079 1710
267 100 64 21 THE
355 101 101 20 NIGHT
479 102 38 19 OF
540 103 85 18 THAT
648 103 75 18 DAY.

846 98 52 23 255

78 186 70 20 now
170 175 111 43 letting
303 189 19 20 a
337 178 92 32 white
450 191 54 30 ray
526 179 34 32 of
577 179 52 32 the
651 190 90 20 moon
762 178 137 42 struggle

79 234 91 32 forth.

123 298 66 32 The
211 299 98 42 night,
333 312 34 20 as
391 301 15 31 I
430 301 74 41 said,
521 313 63 20 was
600 313 103 28 Avarni,
726 301 60 31 and
802 300 98 32 Claire

81 369 64 20 Avas
162 360 154 41 surprised
338 368 33 24 at
391 361 52 32 the
465 362 74 31 mild
559 362 110 31 breath
686 362 67 31 that
769 373 84 20 came
868 366 33 27 to

80 418 56 32 her
161 420 95 32 cheek
281 420 77 33 from
386 423 74 30 such
487 434 18 20 a
532 423 141 31 troubled
699 422 200 42 atmosphere.

83 480 61 32 She
173 481 100 33 closed
300 482 50 32 the
378 483 139 40 window,
548 484 153 31 saddened
727 483 119 31 instead
873 482 28 32 of

83 542 156 33 refreshed
261 544 42 42 by
317 544 53 31 the
395 549 121 27 contact
540 545 34 30 of
592 545 52 31 the
668 545 51 39 air,
745 544 60 31 and
828 556 73 19 once

83 616 84 19 more
184 605 73 31 took
272 605 55 31 her
344 606 86 40 place
447 617 82 30 upon
544 606 51 31 the
614 606 59 31 low
690 606 84 30 chair
794 605 40 41 by
850 605 51 31 the

83 665 65 31 side
173 665 35 31 of
228 666 52 31 the
307 666 63 32 fire.
418 667 62 31 She
507 667 64 31 lent
595 666 139 40 forward,
761 666 54 31 her
841 671 60 25 two

83 726 113 31 elbows
228 726 114 42 resting
373 738 38 19 on
442 727 55 31 her
526 727 105 40 knees,
658 727 59 31 and
747 726 55 31 her
824 726 77 31 head

84 788 166 41 supported
286 788 41 41 by
358 787 54 32 her
439 788 108 40 hands,
579 788 96 41 fixing
705 800 38 19 an
773 788 128 41 intently

83 852 113 27 Aracant
211 860 76 29 gaze
303 860 83 29 upon
401 849 53 31 the
470 849 62 31 fire.

127 910 31 31 It
173 922 63 19 was
252 914 53 27 not
321 910 67 31 that
405 910 53 31 she
474 922 63 19 was
554 922 17 19 a
586 922 75 29 prey
675 914 33 27 to
725 910 127 41 despair,
872 922 32 19 or

84 974 33 27 to
134 982 78 19 even
228 970 99 31 active
344 970 113 41 miser}'
471 983 5 28 ;
503 970 52 31 she
574 981 63 20 was
659 971 192 40 purposeless
874 971 30 30 in

84 1031 61 40 life,
163 1031 60 31 and
239 1031 54 31 she
310 1031 51 30 did
376 1036 55 26 not
446 1031 91 30 know
554 1031 69 31 how
637 1036 33 26 to
686 1031 78 41 fight
786 1031 118 41 against

84 1093 77 31 that,
208 1092 66 31 The
296 1097 70 26 torn
388 1092 116 31 branch
529 1092 34 31 of
581 1092 52 31 the
658 1093 102 30 acacia
783 1093 121 30 seemed

84 1159 31 26 to
132 1154 79 31 have
233 1153 92 31 fallen
345 1165 83 29 upon
448 1153 54 31 her
521 1153 97 40 heart,
637 1153 59 31 and
711 1158 31 26 to
759 1153 38 31 lie
818 1153 85 31 there

84 1215 78 32 with
178 1215 48 39 oh,
250 1215 77 31 such
349 1226 18 19 a
388 1214 100 41 heavy
504 1214 70 32 load
586 1226 6 27 ;
618 1215 59 30 and
692 1214 31 31 in
738 1214 53 31 the
807 1214 97 31 vexed

84 1276 130 40 rollings
230 1275 35 31 of
283 1275 51 31 the
352 1275 125 41 drifting
501 1275 104 31 clouds
628 1275 53 31 she
705 1287 63 19 saw
791 1287 18 19 a
830 1275 74 30 kind

84 1337 35 33 of
130 1337 101 41 image
249 1336 34 32 of
301 1336 54 32 her
372 1348 67 19 own
454 1337 124 31 restless
595 1337 153 31 darkened
764 1348 88 29 years
873 1342 30 25 to

83 1411 96 20 come.
227 1398 62 32 But
304 1397 82 40 then,
404 1397 52 32 the
472 1409 75 30 pure
566 1397 77 41 light
664 1397 35 32 of
716 1397 53 32 the
790 1397 114 32 eternal

83 1467 72 35 star,
173 1460 54 41 far,
244 1459 46 32 far
306 1470 95 31 away,
420 1458 59 32 and
499 1458 126 43 patient,
644 1459 114 42 patient
774 1459 128 31 because

82 1522 118 32 eternal
208 1541 42 3 —
257 1521 68 31 that
350 1531 62 21 was
440 1519 53 33 her
521 1519 76 33 love.
655 1519 81 32 That
764 1530 61 20 was
852 1519 51 31 the
