1079 1710
323 99 123 22 BEFORE
469 100 67 21 AND
559 101 109 20 AFTER.

852 97 52 26 275

125 172 101 34 Claire
259 176 144 42 accepted
429 176 164 43 gratefully
606 190 6 27 ;
649 177 67 41 and,
748 177 30 32 in
802 189 18 20 a
848 178 57 31 feAv

81 234 143 42 minutes,
257 236 76 32 both
367 237 99 32 Henri
498 238 59 32 and
587 238 106 32 Victor
721 238 73 32 took
825 238 80 32 their

82 295 175 43 departure,
275 298 123 42 leaving
413 298 55 32 her
489 303 32 28 to
539 298 55 33 her
611 299 89 32 silent
716 299 101 32 watch
834 312 71 20 over

80 358 54 32 the
162 358 85 42 dead,
281 359 112 32 shared
416 360 71 43 only
511 361 74 31 with
609 361 51 31 the
692 373 71 20 cure
795 362 34 31 of
851 362 52 32 the

80 421 113 41 parish,
211 421 103 32 whom
340 421 53 32 she
420 422 61 31 had
508 423 181 31 summoned
710 423 54 31 the
788 423 115 32 instant

80 481 54 32 the
151 483 136 30 Medecin
303 483 51 30 des
370 489 92 24 moils
478 483 61 30 had
555 483 52 30 left
621 483 52 30 the
689 483 105 30 house.

123 605 73 31 And
211 616 76 27 now,
304 605 102 32 whilst
423 605 98 32 Henri
540 606 126 41 Dupont.
682 617 75 29 goes
779 610 32 26 to
834 605 66 31 that

78 665 86 41 hard,
183 666 94 31 wilful
293 667 120 31 mother
428 667 74 31 with
517 666 52 32 the
584 666 113 40 tidings
714 666 34 31 of
761 666 54 31 her
831 666 69 41 only

79 728 83 30 son's
179 727 100 40 death,
296 739 47 20 we
358 727 68 40 will,
445 739 33 20 as
505 727 107 41 briefly
628 738 32 20 as
685 727 141 41 possible,
844 731 56 37 put

78 787 53 32 the
147 788 108 31 reader
270 788 31 31 in
317 788 172 41 possession
506 787 34 32 of
557 787 51 32 the
624 787 77 31 facts
716 787 102 31 which
841 786 58 31 had

76 849 94 32 taken
186 849 88 40 place
290 849 84 40 eight
390 861 88 28 years
494 848 111 32 before.

121 910 103 32 When
255 909 115 33 OliAuer
393 910 37 31 de
454 908 193 41 Beauvoisin,
688 912 30 27 at
750 908 149 39 nineteen,

78 970 179 33 committed
284 970 53 31 the
362 970 72 41 folly
450 970 35 31 of
506 969 187 41 purchasing
712 969 47 31 for
775 969 124 32 Camille

78 1032 141 32 Leblond
249 1031 53 32 the
334 1036 47 26 set
412 1031 32 31 of
472 1031 149 31 emeralds
652 1030 59 31 and
733 1030 99 41 pearls
854 1030 45 31 for

78 1093 102 32 which
206 1093 53 32 she
284 1092 121 41 longed,
422 1092 39 31 he
477 1104 62 19 was
563 1103 98 20 aware
686 1091 66 32 that
776 1091 51 32 the
853 1096 46 26 act

77 1167 65 20 was
158 1166 40 20 an
213 1153 177 43 imprudent
407 1165 57 20 one
476 1165 6 28 ;
506 1153 55 31 but
585 1152 39 32 he
649 1152 50 32 did
721 1157 54 27 not
789 1153 109 41 regard

75 1217 27 31 it
118 1228 33 20 as
168 1215 150 43 anything
333 1214 123 42 beyond
470 1214 75 32 that.
593 1214 50 31 He
659 1214 89 31 knew
763 1214 38 31 he
816 1219 83 26 must

77 1289 59 20 one
160 1277 59 41 day
246 1276 38 32 be
307 1274 197 42 exceedingly
529 1273 65 32 rich
602 1293 44 4 —
654 1274 39 31 he
723 1274 61 31 had
806 1274 93 31 heard

75 1338 143 32 fabulous
244 1336 77 33 tales
349 1336 34 32 of
401 1335 53 32 the
472 1347 69 29 way
555 1335 31 31 in
610 1334 100 31 which
732 1346 71 19 men
830 1334 69 31 bor-

74 1400 105 32 rowed
208 1399 84 41 large
324 1408 91 27 sums,
446 1396 60 32 and
528 1396 71 41 paid
626 1396 45 31 for
701 1396 85 31 them
809 1395 89 31 when

74 1462 77 41 they
167 1458 168 34 succeeded
359 1463 32 27 to
406 1457 79 33 their
500 1457 143 39 fortunes,
660 1457 61 31 and
736 1457 38 31 he
792 1456 106 41 signed

74 1534 20 22 a
109 1522 134 41 promise
268 1525 33 28 to
327 1531 61 31 pay
402 1518 54 33 the
483 1518 80 42 sixty
577 1518 151 32 thousand
751 1517 99 32 francs
864 1521 34 27 to

772 1584 15 14 T
803 1580 9 18 2
