1079 1710
380 77 64 19 THE
467 76 164 20 PROPOSAL.

861 70 50 25 145

96 151 121 42 thirdly,
246 152 38 32 he
311 164 64 20 was
401 153 42 41 by
468 158 105 27 nature
598 153 144 41 despotic,
770 152 144 41 disliking

97 213 178 41 discussion,
305 215 59 31 and
394 215 114 41 having
537 215 30 31 in
598 226 139 20 common
764 214 72 31 with
866 214 47 31 his

98 276 90 32 sister
209 276 53 32 the
284 276 69 32 love
377 276 34 33 of
429 276 152 32 dominion
592 290 6 27 ;
626 276 60 32 and
707 276 141 41 fourthly,
873 276 39 32 he

97 348 74 29 was,
195 337 220 43 intellectually
432 338 155 41 speaking,
612 337 217 41 self-sufficing,
853 337 60 31 and

99 399 201 32 abstractions
317 398 89 32 could
421 398 44 32 fill
480 398 83 33 what
578 398 38 32 he
632 398 118 32 termed
764 398 47 31 his
826 397 88 32 heart

99 458 46 32 far
160 470 84 20 more
260 458 76 32 than
352 458 90 32 could
457 458 114 31 human
591 458 116 41 beings.
753 458 50 31 He
826 458 88 31 loved

99 518 53 31 the
175 517 149 32 beautiful
339 517 31 31 in
387 517 189 41 everything,
593 517 59 30 and
667 517 52 31 the
737 517 98 41 grand
858 517 58 31 and

99 579 52 31 the
183 579 150 41 complete
344 598 44 3 —
395 578 90 32 loved
515 579 84 30 them
631 578 148 41 sincerely
788 596 42 4 —
840 589 76 19 wor-

102 643 129 42 shipped
247 643 171 32 excellence
435 641 203 42 everywhere,
652 641 137 33 whether
800 642 30 31 in
841 641 75 43 poli-

101 706 67 39 tics,
185 710 56 35 art,
258 704 147 41 industry,
424 715 34 19 or
473 703 82 31 what
576 707 64 36 not,
658 702 60 32 and
739 703 61 31 this
816 703 23 31 it
854 714 62 20 was

101 769 100 32 which
224 768 109 41 chiefly
348 768 74 41 kept
444 768 63 30 him
531 768 83 31 aloof
633 768 76 31 from
733 779 81 20 mere
839 767 77 32 ordi-

101 841 76 29 nary
190 828 149 40 affection,
355 828 60 31 and
426 828 76 31 from
518 828 52 31 the
582 828 196 41 problematic
790 828 126 41 pastime

103 889 127 33 entitled
245 889 107 39 falling
368 889 31 31 in
415 889 77 32 love.

146 951 63 32 But
229 955 32 27 at
282 950 142 41 fifty-five
440 950 42 31 M.
499 950 38 30 de
552 950 163 40 Moranges
736 950 53 31 felt
809 950 108 40 lonely,

102 1011 62 33 and
187 1011 117 32 around
326 1011 63 30 him
412 1022 64 19 was
497 1022 18 19 a
537 1009 78 40 void,
640 1009 101 32 which
763 1010 51 30 the
836 1021 81 19 mere

101 1076 109 37 aspect
227 1071 33 31 of
278 1071 51 31 the
344 1070 149 31 beautiful
508 1070 31 30 in
554 1081 39 19 no
609 1074 111 26 matter
742 1069 69 31 how
825 1081 92 29 many

101 1133 94 31 forms
220 1132 88 31 could
332 1136 54 27 not
410 1132 43 30 fill
477 1143 49 30 up.
573 1132 65 30 The
664 1131 128 41 sterility
818 1132 33 30 of
869 1132 48 31 his

101 1192 263 42 beauty-worship
391 1193 125 30 became
544 1192 79 31 clear
656 1192 127 42 (though
809 1198 54 25 not
887 1197 30 26 to

101 1254 84 41 him),
207 1253 48 32 for
274 1253 38 32 he
333 1265 63 20 was
419 1253 161 42 possessed
604 1253 69 42 only
690 1253 34 31 of
742 1265 17 19 a
782 1253 134 39 shadow,

101 1315 61 31 and
179 1314 122 32 created
317 1319 60 27 not.

145 1378 29 31 A
191 1380 87 39 great
294 1375 131 41 warrior,
450 1387 18 20 a
490 1380 86 37 great
599 1380 175 35 statesman,
794 1387 19 20 a
832 1380 87 36 great

101 1444 72 39 poet
196 1450 72 30 may
289 1437 149 42 vanquish
461 1437 77 40 love,
562 1436 45 32 for
630 1436 37 32 he
692 1448 141 31 espouses
857 1448 62 20 am-

101 1502 105 37 bition,
225 1501 25 31 is
266 1512 18 19 a
300 1503 128 36 creator,
446 1498 59 32 and
521 1498 113 32 throws
651 1497 124 33 himself
793 1496 80 33 forth
888 1497 31 31 in

825 1563 12 13 L

157 1568 52 14 VOL.
223 1567 34 15 III.
