1079 1710
869 98 52 26 279

344 103 123 20 BEFORE
489 104 66 19 AND
578 104 109 19 AFTER.

98 176 145 34 however
276 178 92 32 much
399 179 41 32 M.
474 179 36 32 de
541 179 183 32 Beauvoisin
755 179 98 42 might
883 179 36 31 be

99 238 98 42 living
226 238 134 43 through
391 240 49 31 life
470 240 75 31 with
574 241 51 31 the
657 240 168 32 conviction
855 238 64 33 that

99 299 116 33 hidden
231 312 107 31 Avrong
353 313 63 19 Avas
442 301 174 42 poAverless,
634 302 61 31 and
721 302 67 31 that
808 301 111 31 hidden

100 360 45 32 sin
162 373 64 20 was
251 361 93 32 dumb
347 381 41 4 —
391 374 40 28 or,
449 363 31 30 in
505 363 87 31 other
607 363 107 40 words,
739 363 68 31 that
831 362 88 31 false-

100 422 81 31 hood
207 433 63 21 was
295 434 34 20 as
356 423 80 41 good
463 435 34 19 as
519 424 84 31 truth
605 443 43 3 —
649 424 51 31 the
726 435 107 29 Avrong
858 434 61 20 was

100 483 87 42 lying
202 483 31 31 in
249 484 79 40 wait,
346 484 57 31 and
421 484 51 31 the
489 484 45 31 sin
551 485 101 31 would
668 485 63 30 find
756 496 18 20 a
796 489 121 36 tongue.

100 545 53 31 All
179 557 64 20 was
270 551 54 26 not
347 547 100 39 burnt,
481 547 60 31 and
567 547 82 31 Avhat
678 547 61 31 had
761 546 158 42 happened

100 618 63 19 Avas
179 607 62 30 this
252 619 6 18 :
260 626 43 4 —

144 668 104 32 When
276 668 115 32 Olivier
421 668 121 31 handed
573 680 72 20 over
675 673 31 27 to
738 669 182 31 Mardonnet

99 729 53 32 the
169 740 83 20 sums
269 729 164 41 stipulated
458 729 40 41 by
513 729 51 31 the
587 729 90 32 latter
701 740 33 20 as
758 740 161 30 necessary

99 796 33 26 to
149 790 105 33 enable
271 790 64 32 him
350 795 32 27 to
398 790 108 32 refund
522 790 81 32 what
622 790 41 43 (in
680 790 87 32 order
782 796 31 26 to
830 802 90 20 cover

99 852 43 32 M.
160 852 38 32 de
214 851 194 42 Beauvoisin)
427 851 38 32 he
481 851 61 32 had
557 851 78 32 been
657 851 124 32 himself
801 851 121 41 obliged

99 918 33 27 to
148 913 130 40 borrow,
296 912 38 32 he
350 912 141 32 received
516 912 30 32 in
571 917 104 27 return
691 912 113 32 certain
820 912 102 32 letters

99 973 40 32 he
166 973 62 32 had
255 973 122 32 written
404 978 32 26 to
463 972 41 33 M.
534 972 169 42 Theophile
730 984 81 30 upon
838 972 84 33 these

102 1034 144 43 subjects,
264 1035 61 31 and
351 1034 67 32 four
446 1033 139 33 different
609 1033 70 33 bills
701 1033 33 32 of
756 1033 166 42 exchange,

100 1097 87 31 three
204 1095 138 32 whereof
360 1107 81 20 Avere
457 1094 147 32 harmless
621 1094 129 42 enough,
768 1094 60 32 and
843 1106 79 31 upon

102 1168 58 20 one
176 1156 88 32 alone
281 1156 35 32 of
335 1155 99 32 which
459 1155 87 32 stood
569 1154 52 32 the
637 1154 107 42 forged
760 1155 162 42 signature.

101 1218 88 41 They
220 1228 81 20 were
332 1216 40 32 all
409 1220 102 38 pretty
541 1215 92 32 much
671 1215 78 33 alike
761 1229 8 27 ;
809 1215 113 33 Olivier

100 1278 149 43 gathered
279 1277 85 32 them
394 1276 39 33 all
464 1288 41 31 up
530 1276 141 42 together
698 1276 30 32 in
754 1276 46 33 his
830 1277 91 41 hand,

102 1339 133 35 counted
257 1338 93 40 them,
375 1338 55 32 but
461 1337 62 32 laid
552 1337 85 32 them
665 1337 45 32 for
740 1349 38 20 an
808 1338 114 32 instant

102 1403 91 31 down
209 1399 94 43 again
319 1410 82 31 upon
416 1398 53 32 the
487 1398 91 41 table,
596 1398 124 32 whence
746 1398 38 33 he
811 1399 72 32 took
905 1411 17 20 a

100 1464 100 37 letter,
226 1473 19 21 a
271 1460 240 33 coach-maker's
542 1460 62 41 bill,
630 1460 61 31 and
715 1471 39 20 an
779 1461 143 42 envelope

99 1522 171 34 addressed
299 1526 33 27 to
363 1521 183 31 Mardonnet
576 1520 31 32 in
638 1520 46 32 his
723 1532 68 20 own
828 1521 94 33 hand-
