1062 1607
501 4 27 22 29

45 69 102 21 acorns,
169 60 93 30 beans,
285 61 126 33 chopped
433 65 82 21 straw
537 62 54 24 and
612 62 53 24 still
688 70 73 16 more
784 64 128 24 offensive
938 65 35 23 in-

45 96 143 33 gredients.
226 96 23 23 A
261 96 71 23 local
352 99 63 29 poet
429 96 49 23 has
491 96 63 24 thus
569 103 68 25 sung
651 96 29 23 of
691 96 45 24 the
750 96 105 25 famous
869 97 66 33 fight
949 98 29 25 of

47 129 139 25 Shudehill
188 143 33 4 —

81 173 61 24 And
154 173 66 24 with
234 180 73 16 vows
321 173 29 24 of
360 173 166 24 destruction
541 173 46 24 the
600 173 63 24 mob
675 181 77 17 came
764 177 29 21 to
807 174 83 25 blows
900 183 5 20 ;

82 206 135 25 Attacked
229 207 47 23 the
289 214 66 24 poor
369 207 105 24 dealers
488 207 53 24 and
554 207 148 31 plundered
715 207 71 24 their
798 207 82 33 shops

83 240 36 26 Of
129 240 69 25 their
211 241 69 23 meal
294 240 53 25 and
360 240 69 24 their
443 240 77 28 flour,
533 240 70 24 their
615 244 126 28 potatoes
753 241 54 24 and
819 241 77 32 hops.

83 274 57 25 The
153 273 113 26 soldiers
278 282 70 16 were
361 274 136 25 mustered
499 290 32 2 —
533 274 65 24 with
612 283 14 15 a
638 274 98 32 justice
753 274 69 25 their
835 275 70 25 head
907 290 31 4 —

84 308 57 25 The
154 308 121 25 muskets
288 316 69 16 were
369 308 106 28 loaded,
486 308 46 24 the
546 308 62 25 Riot
622 308 52 24 Act
687 308 65 25 read
764 317 5 19 ;

82 343 99 28 When,
195 342 118 24 alarmed
324 341 40 25 for
374 341 42 25 his
426 341 95 33 safety,
532 342 66 24 with
609 341 62 30 fear,
682 342 70 31 pale,
764 342 52 24 and
827 342 144 32 haggered,

82 376 58 24 The
151 376 98 31 justice
263 376 189 28 commanded,
494 375 131 25 Advance
637 379 54 21 two
704 379 74 28 steps
791 376 146 24 backward

80 431 66 25 This
160 430 72 25 farce
244 438 56 17 was
313 429 204 32 unfortunately
528 430 64 32 only
604 429 44 26 the
661 430 111 31 prelude
785 431 28 24 of
824 439 16 16 a
850 432 121 31 tragedy.

47 466 58 23 The
118 465 71 29 mob,
203 464 47 25 full
262 464 30 24 of
302 472 91 24 anger,
407 464 175 25 commenced
596 467 26 21 to
637 467 76 22 stone
725 464 47 25 the
785 464 120 29 soldiers,
919 466 52 23 and

46 500 77 23 when
136 506 51 16 one
200 498 29 24 of
239 498 76 24 these
328 498 54 24 had
395 498 68 24 been
477 497 81 25 killed
571 498 54 24 and
639 498 63 24 nine
710 498 114 31 injured,
832 498 64 32 they
905 498 66 24 fired

47 541 71 24 upon
139 532 45 25 the
204 532 104 32 people.
344 532 89 23 Three
451 531 30 24 of
490 531 47 24 the
549 532 94 23 rioters
656 540 69 15 were
738 532 81 24 killed
832 532 53 24 and
899 540 74 16 more

46 566 141 25 wounded.
232 566 58 23 The
311 565 133 26 wounded
464 572 61 17 men
544 573 41 16 we
606 573 63 25 may
691 573 117 24 suppose
829 566 89 24 would
940 566 32 24 be

45 600 79 25 taken
138 604 28 21 to
178 599 45 25 the
244 599 151 32 Infirmary.

84 634 89 24 When
187 633 46 25 the
248 633 143 32 Infirmary
404 641 56 16 was
471 632 119 25 founded
604 632 27 24 in
647 639 72 25 1752,
732 632 20 25 it
769 641 56 16 was
844 632 74 33 quite
937 640 36 18 on

51 668 45 25 the
109 667 130 25 outskirts
251 666 30 25 of
297 667 45 24 the
355 670 82 25 town,
450 666 54 25 and
523 674 68 17 even
609 666 27 24 in
658 667 62 31 1815
740 666 35 25 its
793 675 177 24 appearance,

52 710 29 16 as
95 701 91 25 shown
200 701 28 24 in
240 701 47 24 the
300 700 156 32 engraving,
470 700 22 24 is
506 700 74 32 quite
593 700 148 24 suburban.

86 736 31 23 In
134 736 60 23 1822
208 734 75 25 there
295 743 56 15 was
365 734 39 24 for
417 742 51 16 one
481 742 63 24 year
558 743 14 15 a
587 734 77 24 small
677 735 153 24 settlement
843 734 30 25 of
891 734 79 25 rooks

51 770 27 23 in
91 769 73 24 three
179 768 156 32 Lombardy
348 768 95 32 poplar
456 771 78 26 trees,
548 767 89 25 which
651 767 63 25 then
729 768 79 24 stood
821 768 27 24 in
865 776 15 16 a
893 768 78 24 small

51 805 75 22 court
139 806 26 20 at
185 802 47 24 the
252 803 92 31 angles
366 802 29 24 of
413 801 144 33 Chancery
578 802 77 24 Lane
676 801 55 25 and
753 802 99 24 Brown
874 802 97 24 Street.

49 837 58 24 The
120 844 73 16 noise
206 836 29 24 of
245 837 45 23 the
304 836 164 32 bricklayers
490 836 46 24 did
558 839 46 20 not
627 843 76 16 scare
725 843 77 25 away
821 835 46 25 the
889 836 84 28 birds,

49 870 60 25 who
122 870 97 33 calmly
229 870 61 24 held
300 870 154 32 possession
465 869 28 24 of
501 870 65 23 Mrs.
580 870 87 23 Hall's
678 873 70 21 trees
758 870 39 24 for
807 877 51 17 one
868 877 105 21 season,

51 905 47 24 but
118 913 81 16 never
219 904 133 24 returned.
390 903 24 25 It
435 911 57 16 was
513 903 46 25 the
607 903 140 29 Farewell,

51 938 63 32 they
136 947 66 23 sang
221 938 27 24 in
267 938 68 24 their
355 937 97 25 hoarse
471 945 81 17 caws.
588 936 75 33 Fifty
683 945 78 24 years
782 937 96 25 earlier
897 937 76 25 there

51 980 67 17 were
133 972 132 25 rookeries
286 975 26 21 at
336 971 101 25 Hulme
460 971 74 28 Hall,
557 970 26 25 in
604 971 80 31 Quay
704 970 98 28 Street,
824 975 27 20 at
870 971 103 25 Hunt's

52 1006 86 29 Bank,
151 1010 27 20 at
193 1006 101 24 Rood's
307 1006 99 24 Gutter
420 1006 26 23 in
461 1005 79 32 Long
552 1004 131 33 Millgate,
697 1005 53 24 and
764 1008 27 22 at
807 1004 150 26 Shudehill.

86 1041 97 23 Round
198 1041 83 23 about
294 1040 171 24 Manchester
478 1047 70 16 were
561 1039 44 24 old
623 1039 78 29 halls,
714 1038 47 25 the
780 1039 154 24 residences
947 1038 29 25 of

53 1074 107 25 ancient
180 1073 114 25 families
316 1081 31 16 or
366 1073 59 24 rich
445 1073 113 24 traders.
595 1072 59 25 The
676 1073 94 24 Assize
793 1073 98 24 Courts
913 1080 60 16 now

53 1116 79 17 cover
144 1107 45 25 the
204 1107 49 25 site
263 1107 30 25 of
302 1107 44 24 the
359 1107 85 25 house
457 1107 53 24 and
524 1107 117 32 grounds
654 1106 30 25 of
694 1107 191 32 Strangeways
899 1106 74 29 Hall,

52 1150 67 17 once
143 1142 46 25 the
213 1141 79 25 home
316 1141 29 25 of
362 1141 47 25 the
432 1140 116 33 popular
568 1140 58 25 Col.
649 1140 103 33 Joseph
778 1140 125 29 Hanson,
928 1140 47 25 the

52 1176 168 25 "Weaver's
388 1175 61 25 who
474 1183 56 16 was
554 1174 165 32 imprisoned
741 1173 40 26 for
797 1173 95 33 taking
913 1178 61 28 part

51 1210 62 24 with
128 1210 44 24 the
185 1210 153 31 operatives
351 1209 27 25 in
393 1218 14 15 a
420 1208 95 26 labour
528 1208 117 32 dispute.

84 1244 37 25 Of
132 1244 52 24 still
197 1248 106 28 greater
322 1244 112 23 interest
447 1243 23 24 is
489 1243 121 24 Ancoats
631 1242 75 29 Hall,
725 1242 89 24 where
835 1241 46 26 the
895 1242 78 24 Man-

50 1278 104 25 chester
167 1278 50 24 Art
232 1278 125 24 Museum
371 1277 22 24 is
413 1284 60 17 now
493 1276 107 32 placed.
637 1276 60 24 The
719 1279 109 29 present
850 1275 123 33 building

50 1311 125 33 occupies
189 1312 46 25 the
249 1312 50 24 site
312 1311 53 25 ofa
378 1319 74 16 more
465 1311 109 24 ancient
588 1310 61 32 pile.

84 1346 119 25 Ancoats
222 1345 50 26 has
296 1345 67 25 been
383 1345 151 24 connected
555 1344 65 24 with
640 1344 46 24 the
708 1343 122 33 industry
848 1343 28 24 of
894 1343 78 24 Man-

50 1380 104 25 chester
176 1379 39 26 for
238 1380 40 25 six
302 1378 143 26 centuries.
493 1378 35 24 At
553 1378 46 24 the
620 1378 72 24 close
711 1377 30 24 of
757 1378 46 23 the
824 1377 149 24 thirteenth

49 1418 111 28 century
175 1414 111 29 Robert,
300 1413 46 25 the
360 1421 47 17 son
421 1412 30 25 of
462 1412 113 29 Robert,
588 1411 46 25 the
644 1420 49 16 son
703 1411 29 25 of
741 1411 92 25 Simon
845 1411 131 24 Tinctore

50 1449 32 24 de
96 1449 188 28 Mamecestre,
298 1455 68 23 gave
379 1450 54 22 two
454 1446 89 32 ridges
564 1446 28 24 of
611 1445 42 25 his
672 1445 64 25 land
756 1445 26 24 in
806 1445 120 24 Ancoats
946 1448 28 20 to
