1062 1607
504 85 12 16 =
523 85 11 22 7

52 147 55 16 was
131 139 46 25 the
202 147 144 26 ceremony
369 141 88 25 ended
482 141 113 26 without
618 151 15 16 a
660 144 107 30 dispute
793 144 121 25 between
934 145 46 24 the

54 173 117 25 irritable
185 181 100 24 parson
298 175 55 24 and
364 175 45 24 the
420 176 120 24 irritable
550 180 71 27 poet.
657 177 103 33 Joshua
771 186 56 16 was
837 182 47 21 not
897 179 80 24 indis-

53 206 83 32 posed
154 210 28 21 to
201 208 142 31 recognize
364 209 146 33 jocularity
528 210 27 24 in
577 210 100 24 others.
725 211 76 24 Thus
822 220 14 15 a
858 212 118 32 waggish

54 240 110 25 articled
177 241 76 32 pupil
266 241 30 25 of
307 250 15 16 a
336 243 119 24 solicitor
468 251 68 16 once
549 244 64 23 took
628 252 14 16 a
656 248 58 20 seat
733 245 26 23 in
772 245 47 24 the
832 245 148 25 minister's

53 283 57 23 pew
132 275 27 24 in
176 275 47 25 the
242 275 45 25 old
308 276 111 25 church.
457 277 59 24 The
537 278 85 32 rough
643 278 126 31 chaplain
793 278 107 33 coming
920 279 56 25 told

54 309 53 24 him
132 308 27 25 in
181 309 83 31 sharp
286 312 78 22 tones
388 310 60 24 that
469 311 20 24 it
509 319 56 17 was
588 311 123 25 reserved
732 311 40 25 for
789 321 115 23 parsons
924 314 52 23 and

53 342 92 24 clerks.
220 343 80 29 Well,
326 344 44 29 sir,
402 344 49 24 I'm
482 352 14 16 a
711 345 52 28 Eh,
785 346 73 25 what
870 348 4 22 !
905 346 71 25 what

54 376 70 24 clerk
143 384 44 16 are
206 384 52 24 you
371 377 53 30 Oh,
452 378 47 24 I'm
518 386 33 16 an
572 379 146 32 attorney's
743 379 72 24 clerk
922 380 55 29 Oh,

53 410 43 28 ah,
115 410 46 24 tha
181 419 61 23 may
259 411 34 24 sit
444 412 87 24 There
554 413 21 24 is
595 421 14 16 a
631 412 170 25 well-known
822 417 79 28 story,
916 413 60 25 that

53 444 75 24 when
154 444 112 33 reading
290 444 46 25 the
361 445 87 25 burial
475 446 103 25 service
605 446 26 24 in
656 446 46 25 the
727 446 44 25 old
795 447 181 31 churchyard,

52 477 45 25 the
122 477 70 33 sight
211 477 29 25 of
265 487 15 16 a
308 478 228 33 chimney-sweep
568 480 99 24 astride
695 480 46 24 the
761 481 61 23 wall
852 480 124 24 offended

52 511 60 29 him,
127 512 53 24 and
199 512 45 24 the
267 512 108 25 hearers
396 521 70 17 were
488 514 157 24 astonished
666 514 35 32 by
720 514 53 24 this
793 522 57 16 new
870 514 105 24 render-

52 545 45 31 ing
121 545 27 24 of
172 545 45 25 the
245 546 88 25 burial
361 547 109 29 service,
531 548 60 23 And
617 548 12 23 I
654 547 84 24 heard
765 556 14 15 a
806 548 77 23 voice
909 548 66 23 from

53 579 101 24 heaven
180 580 95 31 saying
276 595 33 3 —
312 584 5 9 '
327 580 91 24 knock
442 581 60 23 that
523 581 80 24 black
625 589 94 23 scamp
745 581 39 24 off
805 581 44 24 the
873 582 79 23 wall.'

52 612 101 33 Joshua
169 614 103 23 Brooks
286 614 22 23 is
321 614 159 24 introduced
496 622 30 16 as
545 623 15 15 a
580 615 141 24 character
743 615 28 24 in
794 615 66 24 Mrs.
875 615 100 24 Banks'

53 647 79 23 novel
150 647 29 23 of
195 647 46 24 the
293 648 174 24 Manchester
596 648 54 24 and
673 656 81 24 many
772 648 163 32 particulars
949 648 29 24 of

54 680 52 23 him
121 688 44 16 are
180 681 58 24 also
251 681 80 32 given
350 681 28 24 in
397 681 45 25 the
461 681 52 25 last
532 681 103 25 edition
654 681 29 25 of
727 682 58 24 The
800 682 51 25 Old
866 682 109 24 Church

87 747 52 24 But
154 747 94 25 indeed
269 748 75 25 there
364 749 22 24 is
409 748 121 33 scarcely
550 758 15 15 a
587 753 82 21 street
692 749 29 24 of
738 749 44 25 old
802 749 174 25 Manchester

53 781 112 24 without
178 782 34 24 its
225 781 145 33 clustering
383 791 141 17 memories
536 782 30 25 of
576 784 105 30 bygone
695 783 133 29 worthies,
842 782 30 25 of
881 783 95 31 quaint

53 814 139 30 incidents,
205 815 30 24 of
245 816 120 31 sportive
378 825 104 16 scenes.
520 817 76 24 Look
611 820 26 21 at
654 816 141 25 Shudehill
806 817 89 24 where
908 824 68 17 once

53 848 77 25 stood
143 849 81 25 barns
237 850 53 24 and
313 853 122 29 cottages
456 850 72 24 close
549 850 36 33 by
607 850 45 24 the
674 850 207 31 Withingreave
902 850 73 24 Hall.

53 881 57 26 The
132 883 77 31 place
222 882 21 26 is
258 884 119 24 haunted
391 885 35 30 by
439 884 46 24 the
507 885 141 23 memories
662 884 28 24 of
702 885 109 31 Byrom,
824 883 29 25 of
865 884 111 29 Barritt,

53 915 44 25 the
110 916 53 25 fine
176 916 44 25 old
242 918 155 32 antiquary,
419 918 29 24 of
467 918 90 31 Elijah
570 918 123 32 Ridings,
706 918 45 23 the
766 917 122 24 Bellman
903 921 72 27 poet,

53 949 52 25 and
119 950 28 24 of
158 958 15 16 a
186 950 123 25 hundred
323 959 82 17 more.
442 952 69 24 Was
524 952 20 23 it
558 955 47 21 not
619 951 45 24 the
686 959 80 16 scene
785 951 29 23 of
834 951 142 24 Shudehill

54 983 75 31 fight,
151 992 67 16 once
240 985 90 24 famed
353 985 27 24 in
402 993 50 16 our
472 985 105 28 annals,
600 985 102 32 though
725 993 58 16 now
811 985 34 23 all
870 984 85 33 forgot
967 985 9 23 ?

54 1017 58 24 The
125 1018 63 31 high
201 1018 74 32 price
288 1018 29 25 of
327 1019 153 31 provisions
501 1019 28 24 in
552 1026 64 25 1757
639 1018 78 25 made
736 1018 46 24 the
800 1026 66 23 poor
878 1018 98 32 people

52 1051 148 32 desperate.
237 1051 77 33 They
336 1061 70 16 were
427 1061 35 16 on
485 1053 46 25 the
555 1061 80 23 verge
659 1052 29 24 of
710 1051 162 26 starvation.
916 1051 60 25 The

52 1084 127 25 dearness
192 1085 28 25 of
231 1086 83 25 bread
326 1095 55 16 was
395 1087 54 24 laid
463 1090 27 21 at
504 1086 46 25 the
563 1087 66 24 door
641 1086 30 25 of
680 1086 47 24 the
740 1086 108 24 miliers.
886 1085 31 24 In
931 1085 45 24 the

52 1123 70 19 town
137 1119 72 25 itself
228 1120 46 24 the
295 1120 100 25 School
417 1120 69 25 mills
500 1120 54 25 had
568 1128 15 17 a
596 1120 146 32 monopoly
755 1119 28 25 of
794 1119 44 25 the
852 1118 124 33 grinding

52 1151 29 25 of
90 1160 64 17 corn
168 1153 69 25 until
253 1161 62 24 1759
360 1154 59 24 The
432 1158 110 20 tenants
563 1162 69 16 were
651 1153 162 25 nicknamed
835 1153 75 25 Bone
923 1152 54 25 and

53 1185 73 30 Skin,
141 1187 79 32 being
234 1187 58 24 thin
306 1196 69 19 men,
391 1189 52 22 and
457 1188 77 32 witty
545 1188 47 24 Dr.
603 1188 100 31 Byrom
715 1187 63 24 thus
788 1186 189 32 expostulated

52 1220 63 24 with
129 1220 72 24 them
215 1229 30 16 as
259 1222 72 31 early
345 1230 29 16 as
390 1229 63 24 1737
455 1237 33 2 —

218 1272 74 23 Bone
305 1271 53 24 and
373 1271 75 29 Skin,
463 1275 53 20 two
529 1271 100 24 millers
642 1271 67 28 thin,

253 1305 101 24 Would
368 1308 89 21 starve
471 1305 47 24 the
529 1309 83 23 town,
626 1312 30 16 or
669 1312 65 16 near
747 1305 18 23 it
778 1312 1 20 ;

217 1339 52 24 But
283 1338 32 25 be
329 1338 19 25 it
362 1338 98 25 known
474 1342 28 21 to
516 1338 66 25 Skin
596 1338 53 25 and
664 1338 73 24 Bone

253 1372 72 24 That
339 1371 68 25 flesh
422 1372 53 24 and
489 1372 80 24 blood
584 1374 81 22 won't
678 1372 65 24 bear
756 1371 26 24 it.

82 1421 41 24 On
138 1421 46 24 the
200 1421 61 32 15th
276 1421 166 29 November,
458 1429 72 24 1757,
544 1421 46 25 the
599 1425 113 28 country
721 1421 95 31 people
827 1428 73 16 came
909 1420 67 24 from

49 1454 125 29 Oldham,
190 1455 190 25 Saddleworth
393 1455 54 25 and
461 1455 77 25 other
546 1455 100 32 places,
658 1454 63 29 and,
733 1454 92 25 armed
835 1454 65 24 with
910 1454 66 24 rude

49 1487 176 27 instruments
247 1489 29 24 of
292 1489 169 32 husbandry,
484 1489 100 25 sacked
607 1488 176 25 Hawthorn's
803 1496 63 16 corn
880 1487 56 25 mill
949 1491 28 20 at

49 1522 124 32 Clayton,
187 1522 89 26 where
289 1522 64 32 they
367 1531 45 17 are
424 1522 60 26 said
496 1526 29 21 to
538 1522 69 26 have
620 1522 81 25 found
712 1522 88 25 wheat
810 1521 89 25 mixed
912 1520 65 26 with
