1079 1710
139 80 54 26 108

370 86 83 19 LOVE
477 85 64 20 THE
564 82 163 22 AVENGER.

213 162 52 32 All
281 175 52 29 my
351 163 103 31 orders
471 173 51 19 are
538 160 92 42 given

265 224 26 31 is
315 228 54 26 not
397 223 113 41 always
533 220 124 42 enough
677 225 33 27 to
734 219 73 42 give

139 284 167 41 suggested
322 284 81 32 Mile,
424 284 36 31 de
473 282 223 43 Mourjonville,
714 281 216 43 provokingly.

320 357 51 20 are
395 345 117 41 always
739 342 137 32 retorted
900 341 70 33 Ma-

138 408 88 31 dame
254 408 37 31 de
320 407 204 40 Beauvoisin;
648 418 57 19 one
733 417 72 20 ever
826 405 144 41 disobeys

234 469 60 32 and
322 469 54 32 she
403 468 116 43 rapped
544 480 18 20 a
583 480 75 30 very
674 467 181 43 precipitate
871 471 99 27 tattoo

138 543 82 30 upon
244 531 51 31 the
321 531 112 31 carved
463 530 159 32 rosewood
650 529 34 33 of
706 529 56 32 her
792 529 175 39 arm-chair,

138 593 73 31 with
243 593 54 31 her
321 593 82 41 bony
433 592 123 42 fingers.
635 591 81 32 Now
740 591 69 32 that
832 602 61 31 you
917 602 53 20 are

138 654 83 42 quite
245 666 105 20 secure
373 655 78 31 from
475 654 40 31 all
536 653 213 42 interruption,
767 653 44 32 let
834 664 50 20 me
906 653 63 42 beg

138 715 33 31 of
191 727 60 29 you
278 720 32 27 to
336 715 141 41 acquaint
501 727 49 20 me
574 715 76 31 with
677 726 78 30 your
778 726 127 20 reasons
922 713 46 32 for

138 776 121 41 writing
274 781 31 27 to
321 789 49 19 me
387 789 33 19 as
436 789 62 28 you
515 777 51 31 did
581 776 63 32 this

213 838 44 31 To
283 849 54 31 say
353 838 52 31 the
432 838 92 40 truth,
554 838 144 32 Madame
726 838 30 31 la

138 899 101 42 began
254 899 53 32 the
330 900 177 32 undaunted
530 900 142 42 Aspasie,
731 900 16 31 I
763 911 51 20 am
830 899 136 33 inclined

137 972 83 31 upon
240 961 153 32 reflection
414 965 32 28 to
473 961 87 32 think
588 962 15 31 I
627 973 73 30 may
715 961 80 32 have
815 973 81 30 gone
912 966 54 27 too

137 1022 53 32 far.
237 1022 45 32 As
306 1022 15 32 I
346 1022 65 32 said
430 1023 66 42 just
518 1035 78 27 now,
614 1035 53 30 my
684 1022 65 32 zeal
765 1022 46 32 for
828 1034 77 31 your
920 1022 46 32 in-

137 1088 109 27 terests
270 1084 50 31 led
349 1096 49 20 me
430 1096 88 30 away
548 1090 32 26 at
610 1085 74 40 first,
712 1085 60 31 and
802 1086 15 30 I
845 1085 121 31 fancied

138 1145 173 41 something
333 1146 100 40 might
456 1146 38 31 be
519 1146 77 32 done
620 1151 32 27 to
675 1158 108 20 rescue
812 1159 78 29 your
909 1159 57 19 un-

138 1207 92 40 lucky
260 1207 124 31 brother
395 1220 6 27 ;
425 1207 55 31 but
510 1207 53 32 the
594 1219 85 21 more
710 1208 16 32 I
750 1208 140 33 examine
914 1208 52 33 the

138 1268 143 31 situation
298 1268 51 31 the
365 1268 60 31 less
442 1268 23 31 it
481 1280 99 20 seems
602 1274 33 27 to
659 1281 49 21 me
731 1269 70 33 that
817 1282 61 31 any
894 1270 72 43 plan

140 1341 44 19 we
200 1341 57 19 can
277 1334 98 27 resort
393 1335 32 26 to
442 1330 62 31 will
524 1331 140 41 succeed,
686 1332 61 31 and
768 1344 54 30 my
843 1332 123 42 opinion

138 1402 70 18 now

215 1452 14 32 I
252 1457 84 27 want
357 1464 39 20 no
420 1453 86 31 one's
530 1454 131 41 opinion,
680 1467 74 20 save
777 1467 53 30 my
847 1467 69 20 own
928 1457 5 31 !

138 1513 182 43 interposed,
338 1513 169 43 haughtily,
534 1515 52 31 the
613 1516 156 40 Marquise
784 1530 6 26 ;
866 1517 61 32 and
951 1518 15 32 I
