1079 1710
868 99 50 26 241

295 103 152 22 FREEDOM
470 104 73 21 WON
565 105 66 20 AND
655 105 79 20 LOST.

103 179 116 32 o'clock
246 180 38 32 he
312 181 187 42 despatched
524 182 48 31 his
596 182 81 32 valet
703 186 32 27 to
761 181 54 32 the
843 182 77 39 club,

102 240 108 42 telling
225 241 64 32 him
305 247 31 27 to
352 243 74 32 wait
441 243 47 31 for
501 243 72 40 him,
592 254 32 21 as
649 243 39 32 he
715 243 107 31 should
837 243 84 31 dress

103 301 95 34 there.
246 304 44 32 At
315 304 47 32 six
387 304 116 32 o'clock
527 305 43 32 M.
597 305 36 31 de
654 304 181 33 Beauvoisin
859 315 63 21 was

103 364 133 40 dressed,
253 365 122 42 though
390 365 52 33 the
463 365 199 33 dinner-hour
684 371 32 27 at
739 366 48 32 his
809 365 112 32 uncle's

104 437 63 20 Avas
184 426 148 42 half-past
359 438 92 20 seven
466 440 6 26 ;
496 427 55 32 but
575 427 39 32 he
638 427 62 31 had
725 426 125 32 ordered
876 426 46 31 his

104 486 137 41 carriage
268 492 32 26 at
324 486 148 43 half-past
496 487 54 40 six,
569 487 60 32 and
655 492 104 27 meant
781 492 32 27 to
835 486 87 32 make

105 557 70 20 sure
191 547 34 30 of
236 547 46 31 his
298 547 120 41 private
434 547 145 32 audience
597 547 34 32 of
642 547 85 33 Mile.
745 547 131 42 Aspasie
892 552 30 26 at

105 618 94 20 seven
215 612 32 26 at
263 608 51 30 the
332 608 100 30 latest.

149 668 59 31 His
239 669 135 41 carriage
401 680 63 21 was
495 674 51 27 ten
570 669 132 32 minutes
732 669 71 40 late,
826 669 99 31 which

105 729 152 32 mattered
272 730 55 31 but
343 730 86 39 little,
443 729 45 32 for
504 729 39 33 he
559 729 90 33 could
661 729 95 42 easily
766 730 38 31 be
821 729 104 32 driven

106 791 61 32 like
183 791 51 32 the
251 791 89 40 wind,
358 791 60 32 and
434 791 30 31 in
480 790 108 43 reality
603 791 91 32 reach
709 791 51 32 the
776 791 96 31 Hotel
888 790 37 32 de

105 853 169 41 Moranges
299 864 19 20 a
344 857 121 38 quarter
490 852 97 43 before
614 864 101 25 seven,
735 864 84 20 even.
867 852 59 31 But

105 913 61 32 this
193 925 75 30 very
292 913 93 42 quick
415 912 120 41 driving
562 912 24 32 it
612 924 62 20 was
699 912 100 31 which
821 912 105 41 nearly

106 974 109 31 ruined
237 973 48 32 his
309 973 95 32 entire
429 972 210 33 combination.
687 973 36 31 In
747 984 56 20 one
820 972 33 32 of
874 972 52 32 the

108 1039 110 27 streets
242 1034 31 31 in
295 1033 100 33 which
418 1033 239 42 improvements
679 1033 78 32 have
781 1033 145 32 rendered

107 1096 98 32 traffic
230 1107 84 20 more
339 1095 75 32 than
442 1095 133 40 difficult,
602 1095 42 32 M.
662 1094 36 33 de
721 1095 205 32 Beauvoisin's

108 1170 95 30 coupe
229 1161 55 38 got
306 1156 130 32 blocked
460 1156 41 42 by
528 1168 39 20 an
590 1156 139 32 omnibus
747 1170 6 27 ;
791 1157 52 31 the
865 1161 61 27 two

108 1219 167 32 coachmen
291 1218 108 41 waged
414 1229 64 19 war
493 1218 74 31 with
582 1218 84 31 word
688 1218 60 31 and
763 1217 81 42 whip
858 1232 6 26 ;
889 1230 37 19 an

108 1281 139 31 omnibus
278 1279 89 31 horse
397 1290 63 20 was
490 1279 127 41 reputed
654 1279 117 41 injured
807 1280 41 40 by
877 1279 49 31 the

107 1342 99 32 AATheel
237 1341 34 31 of
300 1341 52 31 the
391 1340 186 32 aristocratic
608 1340 124 41 vehicle,
765 1340 60 32 and
854 1340 72 31 then

108 1415 85 21 came
221 1403 53 31 the
305 1407 118 37 sergent
458 1402 36 31 de
530 1403 70 30 ville
636 1414 81 30 upon
747 1402 51 31 the
829 1413 97 28 scene,

109 1466 61 33 and
186 1465 42 32 all
244 1464 70 32 idea
331 1464 33 32 of
383 1464 86 42 rapid
484 1475 141 31 progress
649 1475 61 21 Avas
734 1468 65 27 cast
821 1468 32 27 to
876 1463 50 31 the

108 1527 106 32 Avinds.

136 1596 51 14 VOL.
203 1595 34 15 III.

804 1592 13 14 R
