1079 1710
307 90 68 21 TWO
398 91 39 20 TO
460 92 63 19 THE
546 91 125 20 RESCUE.

844 87 50 24 131

78 175 91 21 mean
184 170 32 27 to
232 166 71 41 give
319 178 58 28 me,
394 167 55 32 but
466 167 37 32 do
519 172 54 27 not
593 167 37 32 be
646 179 97 30 angry
758 167 74 32 Avith
847 179 48 20 me

77 226 27 31 if
121 227 16 30 I
154 238 52 30 say
209 247 43 3 —
253 228 15 31 I
284 228 38 32 do
338 232 53 28 not
413 233 106 38 accept
540 228 32 32 it.
619 229 15 31 I
651 229 37 31 do
704 233 52 27 not
771 228 78 32 wish
865 233 31 27 to

77 286 144 33 interfere
237 288 75 32 with
328 300 69 30 you,
417 289 61 32 still
493 289 59 32 less
568 293 30 28 to
619 289 104 32 advise
739 301 68 30 you,
825 289 70 31 who

79 359 52 21 are
148 360 33 21 so
198 349 53 40 far,
265 349 46 32 far
322 350 89 31 wiser
426 350 76 31 than
518 350 14 31 I
548 362 58 19 am.
653 351 15 30 I
683 351 114 42 merely
810 362 85 19 come

78 414 32 27 to
127 422 60 30 you
204 423 33 19 as
253 423 18 19 a
293 411 182 42 supplicant,
494 412 59 31 and
574 412 127 41 humbly
717 413 128 40 implore
867 413 33 30 of

80 483 61 30 you
157 477 31 26 to
204 473 38 31 be
259 473 165 31 charitable
445 474 133 31 towards
601 486 18 19 a
635 474 98 31 fellow
749 480 146 34 creature,

76 533 66 41 just
166 545 33 19 as
221 534 15 30 I
253 534 101 30 would
377 534 55 31 ask
452 546 61 29 you
528 535 46 30 for
589 547 110 28 money
714 540 31 26 to
762 535 69 41 help
846 536 51 30 the

82 594 66 31 sick
176 606 33 19 or
240 595 144 40 starving.
430 595 99 31 Uncle
541 596 5 30 !
582 607 60 28 you
668 600 83 26 must
781 600 53 26 not
861 596 36 30 be

82 667 98 29 angry
198 656 72 30 with
286 667 48 19 me
336 675 43 3 —
380 656 15 30 I
412 656 55 30 ask
488 668 75 28 your
584 656 125 41 charity.
756 656 16 30 I
789 661 111 26 cannot.

82 735 40 3 —
126 716 109 31 indeed
260 716 15 30 I
294 720 111 27 cannot
406 735 42 3 —
449 716 111 30 refrain
576 716 77 31 from
674 717 93 40 doing
784 716 82 31 what
883 717 13 29 I

81 777 89 31 think
193 777 82 41 right
287 790 5 26 ;
306 778 4 11 '
317 778 4 11 '
340 777 60 30 and
424 789 41 27 as,
484 777 73 31 with
573 777 141 41 faltering
738 777 84 31 voice
839 777 57 31 and

80 836 111 32 tearful
208 848 79 30 eyes,
306 837 54 31 she
376 837 120 31 uttered
511 837 86 31 these
613 837 60 31 last
688 837 107 40 words,
814 837 85 31 there

82 910 62 19 Avas
173 898 74 31 such
272 910 19 19 a
316 898 119 31 modest
463 903 190 27 earnestness
679 899 94 30 about
800 898 99 31 Claire

82 960 67 32 that
174 961 43 31 M.
247 960 36 31 de
311 960 174 40 Moranges'
511 959 123 41 rigidity
657 959 33 31 of
714 959 185 31 demeanour

82 1022 101 38 began
199 1021 141 39 partially
355 1026 32 26 to
404 1021 70 39 give
491 1032 76 28 Avay.

158 1083 71 30 You
245 1082 134 41 actually
395 1082 79 39 take,
495 1082 83 39 then,
596 1093 39 19 an
659 1082 125 31 interest
800 1082 30 30 in
846 1082 52 30 the

81 1155 112 32 person
215 1155 61 30 you
300 1143 99 32 allude
421 1148 33 27 to
465 1145 15 30 ?
527 1143 65 31 said
614 1143 47 39 he,
687 1143 30 30 in
741 1155 17 18 a
781 1143 118 40 gentler

81 1210 73 27 tone
171 1204 33 32 of
215 1204 86 32 voice
313 1217 6 26 ;
381 1204 68 31 that
463 1204 26 31 is
505 1215 74 30 very
594 1208 101 37 pretty
711 1203 34 31 of
762 1215 68 29 you,
848 1215 51 29 my

218 1265 60 32 and
293 1265 39 32 he
349 1265 116 31 smiled.

160 1327 96 32 What
287 1331 82 27 must
402 1326 15 31 I
551 1326 133 32 retorted
714 1326 108 38 Claire,
881 1326 19 30 if

83 1390 76 31 such
183 1388 179 32 misfortune
386 1387 50 32 did
452 1392 53 27 not
527 1386 92 33 touch
640 1398 50 21 me
710 1392 31 27 to
757 1386 52 33 the
825 1398 75 29 very

83 1453 90 29 heart
184 1452 14 30 ?

125 1513 67 31 The
208 1510 139 41 Marquis
369 1514 55 37 got
438 1521 50 30 up,
506 1509 118 32 walked
639 1513 32 28 to
685 1509 53 32 the
754 1508 146 40 chimney,

777 1576 17 13 K
810 1570 10 19 2
