1079 1710
894 82 54 25 125

354 87 67 21 TWO
444 88 39 20 TO
507 88 62 20 THE
592 87 125 21 RESCUE.

170 160 129 33 Neither
325 162 34 31 of
389 163 51 31 the
467 168 61 27 two
558 164 89 31 made
678 175 59 30 any
767 164 177 41 impression

128 232 83 31 upon
226 222 52 32 the
295 223 87 32 other
393 237 6 28 ;
425 225 60 31 and
503 224 89 32 when
613 225 51 31 the
687 225 153 41 Dowager
855 225 89 32 made

128 282 55 33 her
210 284 71 40 exit,
314 286 167 31 somewhat
511 287 181 41 wrathfully,
725 287 52 31 she
807 287 54 31 left
890 287 54 31 her

129 343 274 43 daughter-in-law
427 359 32 20 as
484 348 108 41 totally
608 348 128 32 without
757 348 70 42 help
844 359 32 21 or
891 348 53 32 ad-

129 406 67 31 vice
213 419 33 19 as
261 412 32 27 to
319 408 56 31 her
399 409 225 42 contemplated
646 410 161 42 campaign
825 410 119 41 against

129 468 44 31 M.
193 467 36 32 de
246 469 166 40 Moranges
428 480 33 21 as
478 469 53 32 she
547 469 61 32 had
623 470 77 32 been
716 470 109 33 before.

175 530 69 33 Still
261 531 100 32 Claire
377 543 64 20 was
464 531 186 32 determined
672 537 32 26 to
725 533 38 31 do
788 533 82 31 what
895 532 53 32 she

130 591 134 43 thought
290 593 90 41 right,
409 593 56 31 but
495 593 52 31 she
573 594 146 41 certainly
745 594 49 31 did
818 599 54 26 not
898 606 50 20 see

132 653 112 42 clearly
260 654 70 31 Iioav
350 659 32 26 to
404 659 46 26 set
475 655 92 31 about
591 655 31 32 it.
668 655 44 32 At
736 667 55 19 one
816 660 133 26 moment

131 714 55 31 she
212 714 133 41 thought
373 714 32 31 of
424 714 173 42 consulting
622 714 121 41 Olivier,
760 715 54 31 but
832 727 18 19 a
871 727 74 29 very

131 775 77 31 little
224 775 153 31 reflection
395 775 124 31 sufficed
535 779 32 27 to
587 776 90 30 make
702 776 54 31 her
771 776 57 31 feel
843 776 66 31 that
925 777 23 31 it

131 848 63 20 was
211 837 159 41 decidedly
385 836 135 42 unlikely
536 836 38 31 he
591 837 107 31 should
713 837 69 31 take
798 849 18 19 a
832 838 113 31 serious

131 898 127 31 interest
288 898 32 30 in
355 909 60 30 any
445 897 144 31 woman's
619 897 96 31 moral
746 897 127 41 welfare,
904 898 43 31 let

132 960 87 31 alone
245 959 75 31 such
347 970 18 19 a
389 970 120 19 Avoman
534 970 32 19 as
597 958 52 31 the
681 958 125 41 Sphinx.
862 959 87 31 After

132 1021 128 40 racking
277 1021 55 30 her
346 1019 102 31 brains
463 1023 32 27 to
520 1018 102 32 devise
647 1031 82 19 some
752 1020 78 40 plan,
849 1020 99 31 Claire

131 1081 141 32 resolved
288 1086 31 26 at
334 1081 59 31 last
409 1085 31 26 to
457 1080 37 31 do
510 1080 92 36 what,
618 1080 60 31 had
694 1080 52 31 she
770 1081 77 30 been
864 1081 83 31 older

132 1154 33 20 or
179 1154 85 20 more
286 1141 208 43 experienced,
513 1141 53 31 she
589 1141 102 31 Avould
713 1140 77 32 have
815 1141 76 31 clone
914 1146 32 27 at

131 1204 66 31 first
209 1217 6 26 ;
243 1203 129 41 namely,
400 1207 32 27 to
462 1202 87 31 write
581 1202 110 41 simply
713 1202 61 31 and
805 1203 142 40 straight-

131 1264 163 42 forwardly
309 1269 32 27 to
364 1264 55 32 her
440 1264 97 39 uncle,
556 1263 59 32 and
635 1263 60 41 beg
714 1263 62 31 him
801 1268 32 27 to
861 1275 84 20 come

130 1327 62 31 and
208 1326 96 43 speak
319 1325 74 32 with
409 1325 54 32 her
479 1336 82 31 upon
577 1336 18 20 a
606 1329 111 27 matter
732 1324 31 31 in
778 1324 100 32 which
895 1325 52 31 she

130 1389 75 32 took
222 1400 17 20 a
255 1391 87 38 great
357 1386 134 33 interest.

173 1450 67 32 The
267 1453 71 27 note
370 1459 62 21 was
462 1447 124 33 written
616 1447 59 32 and
707 1451 74 35 sent,
810 1446 58 31 and
895 1446 52 31 the

131 1524 118 22 answer
271 1510 144 42 brought,
432 1510 60 31 and
514 1510 44 32 M.
582 1509 36 32 de
641 1509 165 40 Moranges
822 1506 80 32 fixed
917 1511 32 27 to
