1079 1710
886 76 50 27 177

301 85 64 21 THE
388 86 210 20 UNEXPECTED
620 86 136 20 RETURN.

118 159 69 32 love
204 160 35 32 of
250 161 127 33 Claire's
394 162 45 32 for
455 162 114 41 Victor,
586 162 39 32 its
640 161 118 43 growth
775 161 60 32 had
861 161 76 31 been

118 220 215 43 giant-strong,
359 234 40 20 no
425 223 129 32 barriers
580 223 115 42 having
720 223 78 32 been
830 227 44 26 set
904 225 31 26 to

121 281 52 32 the
201 282 132 43 worship
361 283 45 32 for
431 283 51 32 the
506 284 77 31 dead
595 298 6 27 ;
642 284 23 31 it
692 284 60 31 had
781 281 156 42 well-nigh

122 343 150 33 absorbed
289 345 181 42 everything
485 346 62 31 else
564 346 116 31 around
695 346 21 31 it
729 359 7 27 ;
753 345 59 31 and
828 344 107 39 Claire,

122 406 213 41 unsuspicious
352 406 34 31 of
405 406 67 40 evil,
490 406 60 32 had
565 407 80 31 lived
672 419 32 19 so
729 411 96 37 wrapt
852 417 40 30 up
908 405 31 31 in

123 464 51 33 the
190 477 139 31 memory
345 466 35 31 of
397 466 54 31 her
467 467 59 31 lost
541 467 67 31 love
631 467 68 31 that
713 467 152 31 whatever
878 466 60 31 else

123 538 72 28 was,
212 527 32 31 in
259 526 58 41 life,
336 539 63 19 was
422 527 95 32 either
544 527 188 32 subservient
758 532 32 26 to
805 526 61 32 this
882 537 57 21 one

124 588 172 39 sentiment,
323 600 34 19 or
381 589 72 30 took
480 589 38 30 its
549 593 104 37 aspect
682 588 77 31 from
788 587 31 32 it.
875 587 66 31 The

123 649 152 42 complete
292 660 87 20 sense
395 649 35 31 of
448 649 80 31 what
543 649 55 31 her
621 649 69 31 love
715 649 46 31 for
785 648 55 32 her
865 647 77 32 dead

123 710 106 31 cousin
256 709 60 31 had
337 721 106 30 groAvn
469 714 40 35 to,
537 710 73 41 only
625 710 84 31 burst
734 721 81 30 upon
842 708 100 32 Claire

125 771 88 31 when
228 770 53 31 the
305 770 117 31 sudden
449 782 85 20 news
555 782 85 20 came
667 770 66 31 that
758 770 53 31 her
838 770 104 31 cousin

123 830 62 31 still
201 830 88 31 lived.

167 891 96 40 Then,
281 891 118 40 indeed,
417 903 18 20 a
452 896 94 27 storm
571 892 100 41 began
694 896 32 27 to
747 903 72 30 rage
836 891 105 32 within

123 953 56 30 her
212 952 96 40 heart,
335 952 69 39 and,
431 957 31 26 at
486 952 51 31 the
565 957 109 35 outset,
698 952 52 31 she
786 951 155 42 well-nigh

126 1025 82 30 gave
225 1013 118 31 herself
354 1025 40 30 up
410 1017 33 27 to
467 1013 128 42 despair.
642 1013 72 31 Had
731 1013 53 31 she
800 1018 51 26 not
866 1013 77 31 been

124 1074 111 41 taught
270 1078 32 27 to
332 1073 117 32 believe
485 1073 145 42 devoutly
653 1074 67 31 that
752 1074 190 31 self-murder

125 1146 64 20 was
206 1146 18 20 a
239 1134 104 39 crime,
361 1133 53 32 she
439 1133 99 32 would
565 1133 78 33 have
671 1146 71 20 seen
765 1139 33 27 at
814 1146 73 20 once
904 1145 38 21 an

123 1196 82 30 issue
235 1194 78 32 from
343 1193 55 33 her
427 1193 72 43 pain
510 1207 6 27 ;
558 1193 46 33 for
635 1194 100 32 Claire
765 1207 63 19 was
866 1195 32 31 of
924 1206 17 20 a

124 1255 157 32 dauntless
316 1259 116 35 nature,
478 1254 60 32 and
576 1255 100 32 would
714 1255 77 32 have
830 1255 111 32 chosen

124 1317 93 32 death
240 1315 165 43 resolutely
430 1327 107 21 sooner
559 1316 73 32 than
660 1316 78 32 have
773 1316 168 32 descended

124 1391 59 20 one
207 1383 67 37 step
307 1378 31 31 in
369 1376 55 33 her
453 1388 68 21 OAvn
552 1377 61 32 and
645 1378 42 32 M.
714 1377 37 32 de
775 1379 166 31 Lancour's

123 1446 124 27 esteem.
295 1439 60 31 But
379 1438 92 31 death
494 1450 64 19 was
581 1438 155 32 forbidden
760 1439 62 32 her.
880 1439 61 32 She

123 1507 83 28 must
222 1502 58 31 live
298 1513 38 19 on
359 1500 134 40 through
517 1500 40 31 all
582 1500 52 32 the
661 1500 107 40 dreary
784 1501 74 39 days
882 1500 60 32 and

179 1570 52 14 VOL.
246 1569 37 15 III.

843 1569 15 12 N
