1079 1710
444 98 58 21 TOO
525 98 94 21 DEAR.

883 93 51 25 223

115 171 139 41 pression
280 172 35 32 of
336 173 55 32 her
415 180 207 27 countenance
646 180 33 28 to
701 175 39 32 be
767 187 39 20 an
827 175 109 32 almost

116 232 116 41 perfect
247 233 104 34 blank.

193 294 64 32 Not
351 298 176 32 murmured
550 298 116 33 Olivier
679 312 6 27 ;
741 298 54 32 but
816 310 61 31 you
878 318 42 3 —
921 298 14 32 I

118 360 84 27 want
217 368 62 29 you
294 362 33 27 to
342 359 55 31 tell
413 359 23 31 it

161 418 87 33 Mile,
271 419 38 32 de
331 420 215 42 Mourjonville
569 433 62 20 was
657 421 124 43 pleased
802 426 32 27 to
857 422 79 40 look,

117 490 34 20 as
166 479 24 32 it
205 491 89 29 were,
313 480 40 33 all
375 493 72 20 over
469 481 55 32 her
547 482 188 43 companion,
753 483 123 42 leaving
898 495 39 20 no

117 552 108 20 corner
242 541 34 32 of
287 541 64 33 him
367 543 172 31 unstudied.

287 602 77 33 wish
387 615 49 20 me
459 608 32 27 to
512 604 72 31 take
600 615 82 31 upon
697 604 115 42 myself
828 616 39 19 an
883 617 55 19 un-

117 663 142 41 pleasant
276 663 75 42 duty
365 663 47 32 for
426 675 77 30 your
526 664 80 40 sake,
624 676 52 30 my
691 665 79 41 good

118 729 31 27 at
172 724 108 42 length
304 724 53 32 she
381 725 72 40 said,
470 725 32 31 in
526 737 18 19 a
559 726 86 31 voice
663 726 67 31 that
752 727 109 31 chilled
883 727 55 31 her

117 785 122 41 hearer;
297 785 38 32 do
352 787 15 30 I
383 787 189 31 understand
588 798 61 30 you
663 786 138 42 rightly?

339 848 185 31 stammered
560 847 132 41 Olivier;
805 848 75 31 wish
881 867 41 5 —
924 848 14 30 I

117 907 80 42 hope
199 928 42 2 —
243 908 50 31 it's
309 913 55 26 not
379 920 33 19 so
428 920 75 29 very

248 968 22 31 it
294 980 81 19 were
397 973 55 26 not
475 968 191 42 unpleasant,
683 980 60 30 you
764 968 101 31 would
884 973 54 27 not

120 1029 93 42 apply
235 1033 32 27 to
292 1029 128 31 another
442 1040 111 31 person
575 1033 33 27 to
632 1028 159 42 discharge
817 1029 22 31 it
852 1042 6 27 ;
883 1029 55 32 but

118 1102 96 19 never
236 1089 85 32 mind
344 1090 77 40 that,
440 1090 26 31 if
486 1090 23 31 it
532 1101 80 20 were
635 1090 72 42 only
721 1090 181 42 unpleasant
922 1091 16 30 I

119 1151 101 42 might
248 1157 128 25 consent
388 1165 8 27 ;
431 1151 55 31 but
512 1151 48 31 it's
591 1151 207 42 unprofitable.
844 1152 52 31 All
922 1153 15 30 I

119 1225 57 20 can
200 1225 54 29 say
278 1224 57 20 can
356 1212 91 41 bring
469 1224 39 19 no
531 1212 103 32 result.
679 1213 56 41 My
753 1213 184 31 brother-in-

116 1274 84 32 law's
231 1274 144 30 interests
406 1284 49 20 are
481 1277 52 27 too
563 1273 109 41 deeply
698 1274 176 32 concerned.
921 1274 16 31 I

118 1339 113 28 cannot
245 1334 70 41 help
331 1346 70 29 you,
419 1334 155 31 Monsieur
588 1334 28 32 le

161 1397 101 31 There
278 1407 64 20 was
359 1407 18 20 a
393 1395 62 31 dull
473 1395 118 42 despair
613 1395 30 31 in
666 1395 140 32 Olivier's
821 1395 66 32 face
903 1407 33 20 as

116 1458 87 33 these
219 1457 101 32 Avords
337 1456 131 32 reached
484 1457 46 31 his
547 1469 50 19 ear
613 1457 69 32 that
697 1458 135 31 arrested
850 1457 84 31 Mile.

116 1521 38 31 de
192 1518 244 42 Mourjonville's
474 1518 154 33 attention.
695 1518 29 32 It
762 1529 61 20 was
862 1518 72 31 such
