1079 1710
131 74 51 25 202

364 80 83 20 LOVE
471 79 64 21 THE
558 76 161 23 AVENGER.

131 155 54 32 her
186 175 41 4 —
230 156 205 42 relinquished
458 156 63 40 her,
544 159 53 27 not
618 153 132 33 because
767 151 23 32 it
807 161 64 20 was
888 159 74 31 easy

132 229 33 20 so
189 222 32 28 to
248 218 47 40 do,
320 219 55 30 but
400 218 131 31 because
558 215 49 32 his
634 212 232 35 unfathomable
894 210 68 32 love

132 280 89 32 made
259 280 40 32 all
333 280 106 41 things
478 278 132 43 possible
645 277 68 32 that
745 287 80 21 Avere
857 279 32 26 to
924 273 38 31 be

133 342 225 40 accomplished
373 341 46 32 for
435 341 55 32 her
506 341 81 32 sake.

176 402 72 32 And
270 402 39 32 all
330 402 59 33 this
410 402 31 32 in
463 413 56 20 one
541 401 71 32 look
623 402 15 31 ?
684 399 52 32 All
752 397 62 33 this
826 398 6 31 !
856 407 71 31 nay,
946 407 17 20 a

133 462 98 33 Avhole
254 463 95 32 world
373 475 83 20 more
485 462 33 33 of
547 462 76 31 bliss
647 461 61 31 and
732 458 231 33 wretchedness

134 525 60 31 and
217 530 162 37 rapturous
406 525 173 39 heart-lore,
606 523 60 32 and
690 523 178 42 passionate
890 532 73 20 con-

133 586 112 32 viction
259 587 165 32 victorious
441 598 73 20 over
530 586 40 31 all
586 585 54 32 the
651 596 84 21 mere
753 582 210 42 dead-weight

134 648 34 31 of
183 648 110 41 logical
312 649 113 32 lifeless
441 649 86 31 facts.
574 648 60 31 Let
650 647 88 32 those
756 647 80 41 deny
852 645 25 33 it
893 645 69 31 Avho

133 722 95 20 never
244 722 75 20 once
342 711 31 31 in
394 711 42 31 all
456 711 79 31 their
558 710 77 32 lives
659 710 80 31 have
759 707 149 43 quivered
931 711 32 27 to

132 772 53 31 the
201 772 93 31 touch
311 772 34 31 of
362 772 53 31 the
436 772 93 31 soul's
548 771 175 41 electricity,
750 770 61 32 and
833 769 55 32 felt
910 768 53 32 the

135 832 85 32 truth
239 832 230 41 treasonable,
485 832 119 32 flashed
619 832 65 32 into
696 832 53 32 the
761 843 77 30 very
851 831 112 42 depths

135 893 34 33 of
180 893 79 32 their
274 894 100 39 being.

178 956 99 31 Claire
301 967 63 20 Avas
388 956 178 40 convinced,
593 956 61 31 and
681 955 119 32 calmed
828 967 33 20 as
883 955 43 43 by
945 967 18 20 a

133 1018 153 41 magnetic
305 1029 112 30 power.
465 1017 103 32 When
590 1018 53 30 she
665 1016 133 32 lowered
814 1016 56 32 her
891 1028 72 31 eyes

135 1080 52 31 she
204 1079 201 41 experienced
422 1091 18 19 a
457 1083 125 37 strange
599 1090 89 20 sense
705 1078 34 32 of
750 1082 72 28 rest.
858 1077 104 42 Again

135 1140 53 31 she
215 1140 99 31 raised
337 1140 56 31 her
416 1141 200 40 opera-glass,
642 1140 60 31 and
725 1139 113 32 looked
865 1152 97 29 away,

136 1213 33 20 so
192 1202 67 31 that
281 1213 79 20 none
382 1202 110 31 should
512 1202 89 31 mark
619 1202 53 32 the
693 1207 83 27 tears
800 1202 67 32 that
887 1202 76 32 stole

136 1263 116 40 slowly,
270 1263 110 30 almost
396 1263 243 40 unconsciously,
658 1263 90 32 down
764 1263 56 33 her
836 1263 107 33 cheek.

179 1324 87 40 They
282 1334 80 20 Avere
378 1328 54 26 not
447 1329 82 26 tears
546 1324 33 31 of
590 1324 166 33 bitterness
772 1337 34 20 or
822 1325 35 32 of
868 1325 80 41 pain.

178 1384 114 33 Whilst
316 1384 51 32 the
392 1384 153 42 carriages
563 1397 82 21 Avere
669 1386 94 43 being
784 1387 100 32 called
905 1388 61 31 and

137 1445 111 33 waited
278 1445 54 40 for,
369 1445 100 32 Claire
504 1446 90 32 could
627 1452 54 27 not
716 1448 56 31 but
805 1448 75 31 hear
914 1449 52 32 the

138 1508 169 42 fragments
338 1506 34 33 of
407 1508 214 31 conversation
656 1510 96 40 going
784 1522 39 19 on
854 1511 30 30 in
915 1511 51 33 the
