1079 1710
134 75 51 25 120

365 81 81 19 LOVE
470 79 63 21 THE
558 77 162 22 AVENGER.

304 157 74 41 they
404 168 72 29 may
497 155 79 32 have
601 165 39 21 no
854 150 109 32 mused

130 220 51 31 the
208 220 173 40 Dowager;
536 216 74 32 then
641 215 39 32 he
708 226 80 31 may,
817 213 143 43 perhaps,

130 286 54 26 not
200 281 86 30 leave
303 278 184 41 everything
503 283 32 26 to

205 340 44 32 Or
265 340 54 31 she
338 351 71 30 may
523 338 100 32 added
639 338 83 32 Mile,
741 338 38 31 de
802 337 158 43 Mourjon-

130 402 81 39 ville,
229 402 30 30 in
276 401 52 32 the
344 405 82 27 most
442 401 121 31 natural
575 405 81 36 tone,
671 401 55 31 but
738 412 97 20 never
851 400 108 41 taking

129 463 55 31 her
211 474 56 30 eye
295 462 43 32 off
357 462 52 32 the
432 463 182 40 Dowager's
639 462 66 32 face
718 475 6 27 ;
783 462 111 42 people
920 462 38 32 clo

130 524 47 32 die
194 524 174 32 sometimes
384 535 77 29 very
476 535 115 29 young,

202 586 61 31 But
280 585 53 33 she
349 585 27 33 is
392 597 75 28 very
483 585 136 40 healthy,
637 585 25 32 is
680 585 54 32 she
750 587 79 31 not?

202 647 14 32 I
241 647 109 32 should
376 659 55 31 say
448 652 110 37 strong
581 647 104 32 rather
701 647 75 32 than

129 708 137 41 objected
281 708 51 32 the
349 713 141 27 accurate
506 709 141 40 Aspasie.

202 769 48 32 Oh
262 771 6 30 !
308 781 75 30 poor
568 770 135 41 rejoined
734 770 52 32 the
818 772 138 41 Marquis

128 843 88 29 mere,
234 831 149 41 suddenly
398 831 112 32 moved
529 836 31 27 to
584 832 53 31 the
660 837 82 27 most
766 838 190 27 unaccount-

128 893 67 31 able
211 905 105 29 mercy
332 893 60 31 and
409 893 191 42 compassion
616 894 134 32 towards
766 894 55 32 her
834 906 120 31 enemy.

252 959 82 26 must
360 959 53 26 not
439 955 75 31 wish
542 955 45 31 for
614 966 19 21 a
659 955 101 33 fellow
768 958 188 31 -creature's

128 1015 92 32 death
235 1015 97 32 under
347 1027 59 28 any

202 1076 43 31 Of
264 1087 104 20 course
487 1077 116 42 replied
625 1077 83 33 Mile,
735 1079 36 31 de
796 1079 159 43 Mourjon-

128 1136 88 40 ville;
356 1137 23 30 it
404 1137 26 31 is
451 1148 39 21 no
513 1138 140 41 question
669 1139 35 31 of
724 1140 140 42 wishing,
884 1141 71 32 God

127 1198 105 31 forbid.
272 1198 15 30 I
310 1197 70 41 only
402 1198 66 31 said
489 1198 69 33 that
581 1211 55 20 one
658 1200 75 32 does
756 1202 75 31 hear
857 1214 98 22 some-

128 1259 88 31 times
260 1258 33 32 of
334 1270 76 21 even
446 1271 74 31 very
558 1272 105 31 young
698 1275 129 29 persons
860 1265 95 42 dying

255 1381 25 32 is
307 1393 19 20 a
352 1382 193 42 remarkably
570 1383 127 44 healthy
884 1400 54 30 pro

128 1443 139 41 pounded
282 1443 52 31 the
351 1443 159 41 Dowager.

200 1505 204 41 Remarkably
489 1508 145 40 repeated
646 1508 147 43 Aspasie;
