1079 1710
153 73 51 26 212

391 78 83 21 LOVE
497 77 65 22 THE
585 76 160 22 AVENGER.

337 155 93 38 mind,
463 154 50 33 old
544 154 70 42 boy,
646 165 63 31 you
734 152 54 33 left
813 163 36 20 us
874 151 31 31 in
932 150 51 32 the

154 218 85 33 lurch
255 218 94 33 about
364 218 52 32 the
433 217 191 42 deputation,
642 215 56 32 but
713 226 63 31 you
792 218 85 28 must
894 213 89 32 stand

154 280 40 41 by
210 292 36 20 us
262 279 60 33 this
338 280 82 40 time,
439 290 86 21 come
542 278 84 32 what

198 342 101 32 Claire
325 341 95 32 heard
446 340 88 33 these
551 340 109 41 words,
678 339 61 33 and
763 338 220 41 involuntarily

154 403 109 32 looked
286 407 32 28 at
339 402 55 33 her
416 402 149 38 husband,
582 401 71 33 who
669 400 89 33 stood
782 400 62 32 still
867 400 116 41 staring

155 469 32 26 at
202 475 145 29 vacancy,
366 463 61 33 and
443 475 34 20 as
492 463 70 41 pale
579 474 33 20 as
629 474 19 20 a
663 462 102 42 ghost.

197 525 102 32 When
324 526 41 31 M.
390 525 36 32 de
452 524 213 33 Beauvoisin's
686 525 138 41 carriage
840 536 65 20 was
929 535 55 21 an-

154 587 146 38 nounced,
317 587 46 32 his
379 586 67 33 wife
461 586 112 32 roused
596 586 63 31 him
684 591 54 27 out
765 586 35 32 of
818 586 54 32 the
895 586 36 32 fit
954 586 34 32 of

154 648 176 42 absorption
363 648 64 31 into
453 648 100 32 which
593 648 39 31 he
672 648 123 32 seemed
833 653 33 27 to
903 648 80 32 have

155 709 99 30 fallen.

197 770 94 31 From
306 769 52 33 the
375 771 74 31 door
465 770 34 32 of
517 770 52 32 the
585 770 119 33 theatre
728 776 32 27 to
783 771 70 32 that
877 771 34 33 of
929 771 53 33 the

155 831 93 31 Hotel
265 831 38 32 de
318 831 185 32 Beauvoisin
518 831 118 33 neither
652 832 34 32 of
704 832 87 32 these
807 837 63 28 tAvo
887 834 95 42 spoke

155 903 57 20 one
236 892 84 32 word
342 898 33 27 to
397 892 52 33 the
474 892 88 33 other
573 907 6 26 ;
604 893 74 32 each
701 905 63 20 was
781 896 147 41 wrapped
952 896 30 31 in

154 953 54 32 the
236 954 178 43 distracting
440 954 152 43 thoughts
618 956 33 31 of
671 956 46 32 his
745 957 62 31 and
831 957 56 33 her
912 970 70 21 own

155 1014 179 32 life-drama.

198 1075 72 32 And
296 1075 105 33 herein
427 1076 55 32 lies
504 1078 53 32 the
578 1078 245 35 ill-aclvisedness
840 1081 36 32 of
894 1081 88 34 those

156 1133 69 32 Avho
242 1134 97 43 judge
363 1135 51 33 the
439 1137 97 42 tragic
561 1138 131 33 element
716 1141 34 31 of
770 1152 55 21 our
853 1143 129 33 modern

156 1206 57 30 age
237 1196 123 33 inferior
382 1202 32 27 to
438 1198 67 31 that
522 1199 34 31 of
574 1200 52 32 the
644 1201 150 34 ancients.
843 1204 139 34 Circum-

157 1260 102 28 stance
290 1256 88 34 alone
408 1258 27 32 is
462 1259 147 34 different.
658 1262 65 33 Our
751 1264 124 34 dramas
903 1267 79 34 have

155 1328 83 21 more
264 1323 33 27 to
320 1319 38 31 do
383 1320 73 32 with
481 1322 146 44 suffering
650 1324 77 32 than
752 1327 103 42 crime,
883 1328 55 33 but
966 1343 16 19 a

158 1378 75 42 deep
257 1379 170 42 pitifulness
452 1382 55 33 lies
533 1383 30 32 in
598 1385 53 32 the
679 1398 75 31 very
780 1389 202 44 discrepancy

159 1440 130 42 existing
303 1452 70 20 now
389 1442 139 35 between
544 1446 63 31 real
623 1451 220 40 unconquered
866 1451 116 34 human

158 1507 106 26 nature
300 1503 61 31 and
397 1504 51 33 the
476 1505 166 35 colourless
670 1516 170 35 monotony
868 1513 35 31 of
931 1515 51 33 the
