1079 1710
323 92 122 23 BEFORE
467 93 67 22 AND
557 95 111 20 AFTER.

849 89 51 26 285

80 165 60 31 and
156 167 121 42 Avorthy
278 187 43 3 —
322 168 77 32 from
422 169 41 32 all
483 170 75 31 such
575 170 194 42 imprudence
786 181 34 20 as
836 170 67 31 that

80 225 38 33 he
135 226 61 33 had
212 228 78 32 been
306 230 127 32 secured
434 250 43 3 —
478 230 64 41 but,
559 231 138 42 budding
718 231 64 32 into
798 230 104 43 youth,

80 287 40 32 he
145 288 62 32 had
230 289 47 32 for
304 302 57 21 one
387 303 120 20 woman
532 292 139 32 forfeited
693 293 127 40 honour,
845 292 59 32 and

82 350 130 32 another
231 362 122 21 woman
372 357 66 27 cost
457 352 74 43 him,
554 354 31 31 in
599 354 180 32 manhood's
798 354 106 41 prime,

82 411 48 32 his
146 411 50 33 life
201 431 40 4 —
244 413 72 40 only
331 413 38 32 he
386 413 89 33 loved
490 415 129 31 neither.

127 472 78 33 Was
220 473 86 37 there
323 486 61 29 any
400 475 187 31 consolation
603 475 29 31 in
649 475 67 31 that
728 477 13 29 ?

128 534 103 32 When
257 535 102 32 Count
382 536 127 42 Dupont
537 536 94 32 found
653 536 126 31 himself
797 536 31 30 in
853 535 54 32 the

85 607 146 30 presence
251 597 34 31 of
301 597 52 32 the
376 598 153 40 Dowager
544 597 38 32 he
604 598 65 31 told
690 597 62 40 her,
776 597 129 41 bluntly,

85 658 61 30 and
168 658 130 32 Avithout
317 671 59 29 any
391 659 203 41 preparation,
612 658 68 32 that
699 658 54 31 her
769 670 55 19 son
845 670 62 20 was

86 719 87 32 dead.
221 720 50 31 He
295 720 89 32 could
406 725 55 27 not
483 720 122 42 explain
628 725 32 27 to
682 720 127 32 himself
827 720 79 42 why,

85 781 56 32 but
164 780 38 33 he
226 781 54 32 felt
303 781 117 42 pitiless
446 781 131 32 towards
599 781 63 32 this
684 781 120 32 mother
818 795 7 27 ;
848 782 59 31 and

86 841 104 33 before
223 842 55 32 her
310 842 127 32 startled
467 853 103 20 senses
592 842 89 31 could
704 842 72 31 take
800 842 31 31 in
856 842 51 31 the

86 903 133 31 horrible
235 915 85 19 news
322 923 43 2 —

378 963 66 32 said
466 963 49 39 he,
538 963 126 41 looking
686 962 176 41 steadfastly
878 967 32 27 at

88 1026 65 39 her,
172 1025 60 32 and
252 1024 155 42 weighing
431 1024 74 32 each
527 1024 92 39 word,
622 1043 43 3 —
694 1024 15 31 I
732 1024 116 31 believe
871 1024 39 31 he

91 1085 51 32 did
179 1090 53 27 not
269 1085 48 32 die
354 1085 154 41 naturally
521 1098 6 26 ;
566 1085 15 30 I
618 1085 116 31 believe
771 1084 38 32 he
847 1096 63 19 was

135 1208 30 31 A
211 1207 108 32 hoarse
358 1206 136 42 guttural
528 1217 54 30 cry
619 1206 86 32 burst
742 1206 78 32 from
858 1206 52 31 the

91 1269 180 41 Dowager's
295 1267 66 43 lips,
389 1267 60 32 and
471 1267 152 41 throwing
644 1278 41 30 up
709 1267 56 31 her
788 1266 123 42 clasped

96 1330 99 31 hands
211 1341 73 20 over
299 1328 54 32 her
369 1328 79 32 head
449 1347 43 3 —

170 1390 49 32 Oh
230 1391 6 31 !
262 1390 52 32 the
330 1394 136 27 monster
477 1389 6 32 !
531 1388 54 32 she
601 1388 142 32 shrieked
759 1392 61 27 out.
897 1388 14 30 I

92 1453 63 31 will
171 1457 66 27 tear
252 1451 55 32 her
323 1450 72 32 limb
411 1450 77 32 from
505 1449 72 32 limb
592 1450 6 32 !

178 1513 99 32 Who?
318 1512 143 31 Madame
503 1511 29 32 la
811 1510 101 38 asked,
