1062 1607
503 44 28 22 25

50 108 81 23 usage
144 99 54 25 and
211 99 70 32 good
295 99 205 25 accomodation
514 104 27 20 at
555 100 44 24 the
612 101 65 23 Inns
689 108 35 16 on
737 100 45 24 the
793 100 73 25 road.
904 100 39 25 To
957 109 15 15 a

49 134 66 24 later
128 133 92 31 period
235 133 111 32 belongs
358 134 45 24 the
451 133 57 25 Red
524 134 88 24 Rover
655 137 76 27 stage
741 134 95 27 coach,
849 133 89 25 which
951 135 21 23 is

50 167 93 25 shown
153 167 25 24 in
189 175 14 16 a
214 167 120 32 drawing
346 167 78 25 made
433 167 26 25 in
472 168 72 30 1823,
553 168 109 30 passing
671 167 80 31 along
761 167 105 25 Market
875 167 97 25 Street.

84 201 59 24 The
166 201 120 32 printing
309 201 77 24 office
409 201 29 24 of
466 201 113 24 Wilmot
611 201 95 30 Henry
728 201 83 32 Jones
835 201 22 24 is
886 200 86 25 worth

50 235 118 24 mention
192 243 28 16 as
243 235 47 24 the
314 236 77 30 place
415 235 87 24 where
527 235 46 24 the
596 234 57 24 first
676 234 99 24 edition
805 233 28 25 of
855 234 117 32 Bailey's

77 269 97 25 Festus
212 276 56 17 was
281 269 115 29 printed.

242 976 75 14 ROVER
353 976 72 15 STAGE
440 976 77 15 COACH
533 976 25 15 IN
574 976 100 15 MARKET
689 976 94 18 STREET,
800 970 57 24 1823.

86 1017 57 25 The
166 1021 75 28 great
265 1018 53 24 line
341 1017 29 25 of
397 1018 183 24 demarcation
606 1019 120 23 between
753 1019 44 23 old
827 1018 53 24 and
900 1018 67 24 New

53 1051 171 24 Manchester
237 1059 55 16 was
305 1052 25 23 in
347 1053 44 22 182
398 1060 21 21 1,
433 1052 78 24 when
524 1052 46 24 the
590 1053 52 23 Act
661 1052 39 24 for
722 1052 45 24 the
789 1052 134 31 widening
942 1052 28 23 of

54 1085 194 24 Market-street
261 1093 56 16 was
329 1086 136 24 obtained.
502 1086 58 24 The
581 1086 210 32 improvements
811 1086 64 24 then
898 1093 70 16 com-

51 1120 111 23 menced
174 1120 130 31 occupied
318 1120 102 23 several
433 1128 85 24 years.
555 1120 58 24 The
626 1120 133 32 principal
778 1124 81 20 street
877 1119 29 24 of
922 1120 46 23 the

50 1156 71 21 town
146 1153 88 24 before
259 1153 59 24 that
342 1153 65 25 time
427 1162 56 16 was
503 1153 46 25 the
573 1162 105 16 narrow
695 1153 191 33 thoroughfare
906 1153 63 24 here

50 1186 101 23 shown.

85 1221 83 31 Many
197 1221 93 31 quaint
323 1221 45 24 old
401 1220 139 25 fashioned
571 1221 135 31 buildings
739 1221 54 24 still
823 1221 146 28 remained,

49 1254 143 31 especially
205 1255 26 24 in
245 1255 46 24 the
312 1255 223 31 neighbourhood
557 1255 28 24 of
605 1255 46 25 the
667 1255 44 24 old
734 1255 110 24 church.
894 1255 75 24 Thus

49 1288 74 25 there
137 1297 67 16 were
218 1297 63 24 very
295 1289 172 31 picturesque
480 1289 98 24 houses
591 1289 26 24 in
632 1289 106 31 Smithy
752 1289 82 24 Door.

82 1323 60 33 Just
165 1331 34 15 on
231 1323 46 24 the
302 1323 76 23 other
409 1323 56 23 side
490 1323 28 23 of
546 1323 45 23 the
617 1322 99 24 church
749 1330 79 24 many
860 1322 109 31 antique

49 1359 148 21 structures
210 1357 137 23 remained
361 1357 25 23 in
402 1357 78 31 Long
496 1357 129 31 Millgate.

85 1390 72 24 Here
170 1390 78 24 stood
261 1390 46 24 the
319 1390 98 24 official
430 1390 78 24 home
521 1390 29 24 of
560 1390 47 24 the
625 1389 240 24 Archididasculus
878 1390 28 23 of
925 1390 44 24 the

50 1423 145 27 Grammar
209 1424 107 25 School.
353 1425 30 23 In
398 1423 54 25 this
463 1424 83 23 house
559 1423 72 24 lived
645 1424 51 23 Mr.
711 1423 112 24 Charles
844 1423 125 28 Lawson,

49 1458 45 25 the
107 1458 109 25 learned
230 1462 108 24 master,
353 1458 84 24 under
457 1457 90 25 whose
570 1465 73 25 sway
666 1457 41 24 De
730 1456 124 34 Quincey
873 1458 96 31 passed

50 1492 42 25 his
104 1492 131 31 unhappy
248 1491 234 32 schoolboy-days.
