1079 1710
884 89 32 26 15

381 94 64 21 THE
468 94 180 21 FAREWELL.

104 167 75 33 time
209 173 32 27 to
272 180 86 21 come
389 170 60 31 and
480 169 94 32 shake
604 168 98 33 hands
732 168 74 33 Avith
835 169 84 32 them

105 229 103 33 before
225 230 136 41 starting.

183 290 77 33 He's
283 291 61 32 had
366 291 120 42 enough
503 291 34 32 of
553 291 93 42 being
665 290 110 43 moped
793 303 41 30 up
855 291 30 31 in
903 302 18 20 a

107 351 65 32 sick
198 364 94 28 room,
320 353 61 31 and
405 353 31 31 in
464 357 129 38 country
619 356 135 38 quarters
767 365 6 27 ;
807 352 16 31 I
850 351 70 32 dare

110 424 56 31 say
180 413 41 32 he
236 414 132 32 counted
381 414 52 32 the
449 414 132 31 minutes
597 413 44 31 till
657 413 39 32 he
716 413 89 32 could
827 412 93 32 shake

107 474 126 32 himself
244 479 53 27 out
312 487 19 19 a
345 475 78 31 little
440 486 39 20 on
493 474 52 32 the
566 478 165 38 pavement
751 473 33 32 of

107 535 66 32 said
195 547 19 20 a
232 540 127 37 country
375 535 176 41 neighbour,
569 534 103 32 whose
692 535 68 31 idea
775 534 34 32 of
828 535 93 31 Para-

109 596 64 31 dise
189 608 63 20 was
266 597 53 31 the
335 596 117 41 capital,
469 595 101 32 where
588 595 39 32 he
649 607 92 20 never
756 600 89 35 went,
862 595 59 31 and

110 657 35 31 of
162 657 51 31 the
237 657 86 31 other
345 660 144 36 extreme,
511 656 52 31 the
585 656 150 42 province,
760 656 101 31 where
883 656 38 31 he

108 728 63 19 was
188 716 187 31 condemned
391 721 31 26 to
438 716 70 31 live.

151 778 145 31 Between
327 778 86 31 Aunt
443 777 189 32 Clementine
663 778 60 31 and
751 778 55 31 her
834 777 87 32 niece

105 838 134 33 Victor's
254 850 90 20 name
364 838 60 32 had
442 850 94 20 never
559 850 74 20 once
651 839 77 32 been
748 839 173 32 mentioned

107 900 81 32 since
204 900 51 32 the
272 900 59 41 day
347 900 89 31 when
452 900 100 32 Claire
569 900 148 42 appealed
732 904 31 28 to
779 901 142 31 Madame

107 960 177 32 Beaudouin
306 965 33 27 to
361 965 50 37 try
426 960 60 32 and
508 965 120 37 protect
646 960 53 32 her
723 960 121 42 against
869 961 52 31 the

105 1021 154 41 necessity
275 1021 34 32 of
320 1033 18 20 a
353 1021 150 41 marriage
519 1021 75 32 Avith
611 1021 123 32 Olivier.

149 1083 72 31 And
237 1095 33 19 so
290 1083 52 31 the
366 1082 76 42 days
456 1086 83 28 went
558 1082 50 42 by,
625 1082 60 31 and
700 1082 52 31 the
767 1082 154 42 following

106 1144 86 32 week
208 1155 62 20 was
285 1148 32 27 to
334 1155 49 20 see
404 1143 54 33 the
478 1155 104 30 young
602 1143 154 41 Marquise
772 1144 149 31 re-estab-

106 1205 98 32 lished
230 1205 45 32 till
298 1205 54 32 the
375 1205 79 32 close
479 1205 34 31 of
532 1205 52 31 the
607 1216 80 30 year,
704 1205 30 30 in
756 1204 54 32 the
833 1204 88 32 home

106 1267 101 32 which
229 1278 64 21 was
315 1266 70 33 hers
407 1278 79 29 now,
502 1267 57 31 but
574 1266 108 40 which,
700 1266 38 31 do
760 1266 85 31 Avhat
867 1265 54 32 she

106 1328 111 40 would,
236 1328 52 32 she
304 1328 90 32 could
409 1333 54 26 not
479 1328 70 31 look
564 1339 82 29 upon
661 1327 169 41 familiarly.

149 1388 66 33 The
232 1389 150 33 Vivienne
397 1388 152 42 marriage
568 1388 61 32 had
643 1388 92 32 taken
751 1388 94 42 place,
862 1387 60 32 and

105 1449 54 33 the
182 1461 105 31 young
310 1449 117 43 couple,
453 1449 106 32 absent
575 1460 38 21 on
631 1449 78 32 their
731 1449 191 41 honeymoon

105 1511 70 42 trip,
192 1523 80 20 were
294 1516 32 28 to
349 1516 105 27 return
477 1515 32 28 at
530 1510 54 33 the
607 1510 58 33 end
681 1510 34 33 of
732 1510 52 32 the
806 1508 115 41 month,
