1079 1710
171 66 50 25 134

401 71 82 21 LOVE
508 70 64 21 THE
595 68 161 22 AVENGER.

166 151 54 31 she
237 151 60 30 will
323 162 57 19 one
398 149 57 41 day
472 149 47 30 be.
569 147 61 32 She
647 146 99 42 might
763 145 80 31 have
859 144 80 31 been
955 152 39 21 an

167 212 105 32 honest
288 211 187 32 workman's
492 209 77 40 Avife,
592 209 52 31 the
660 208 124 31 mother
800 206 34 32 of
856 205 138 32 children

166 273 67 31 avIio
250 272 101 32 would
367 276 121 36 respect
504 271 60 31 and
580 270 122 32 cherish
719 269 55 31 her

242 334 62 32 She
320 345 62 20 AAras
400 333 94 42 dying
510 332 34 33 of
556 333 120 40 hunger
688 332 91 31 AAdien
795 331 15 31 I
823 329 74 33 took

166 395 189 41 interrupted
371 395 53 32 the
441 395 138 41 Marquis
597 394 202 42 impatiently.

238 457 72 32 And
326 457 68 31 how
411 457 92 31 much
520 457 102 31 better
645 457 24 30 it
685 456 102 31 Avould
809 455 80 32 have
913 454 77 33 been

163 521 45 29 for
223 520 55 30 her
294 520 26 30 if
332 520 53 30 she
402 520 59 30 had
478 519 69 31 died
562 520 5 30 !

235 581 14 31 I
273 581 60 41 beg
363 593 77 30 your
465 581 126 42 pardon,
615 581 68 31 that
710 581 25 31 is
759 580 40 32 all
827 590 162 29 nonsense,

164 643 87 31 sheer
282 654 160 29 nonsense,
475 643 162 41 umvorthy
663 655 17 19 a
709 654 123 20 woman
860 642 34 31 of
914 653 78 30 your

404 706 135 31 retorted
563 706 41 31 M.
631 705 38 31 de
693 705 169 41 Moranges
873 718 6 27 ;
937 703 54 33 she

162 766 104 31 thinks
283 766 116 31 herself
414 767 182 41 immensely
612 767 52 31 the
681 767 120 41 gainer,
824 766 67 42 rely
906 777 84 31 upon

233 890 73 30 And
321 901 62 30 you
404 891 57 31 call
484 890 69 32 that
575 891 119 39 honest,
891 890 97 32 asked

161 950 110 40 Claire,
297 951 74 32 AA7ith
395 963 19 20 a
436 952 69 31 look
529 952 67 32 that
619 952 52 32 the
696 952 138 42 Marquis
859 951 128 33 evaded.

173 1013 5 13 '
190 1012 70 31 You
276 1023 79 30 gave
372 1013 54 32 her
443 1019 103 26 stones
562 1014 46 31 for
624 1014 102 41 bread,
746 1014 61 31 and
823 1027 61 29 you
900 1014 88 32 knew

161 1073 72 40 they
249 1084 80 20 Avere
349 1078 110 36 stones,
482 1074 100 32 Avhich
600 1075 55 31 she
672 1075 51 31 did
747 1081 55 25 not
814 1077 5 31 !
868 1076 101 32 Uncle
981 1077 6 31 !

161 1133 86 31 uncle
261 1134 5 31 !
293 1134 70 41 why
387 1139 53 26 not
463 1135 37 31 be
523 1147 160 30 generous,
708 1137 63 30 and
795 1137 72 42 help
890 1150 49 19 me
956 1143 32 27 to

163 1205 71 20 save
250 1194 61 31 this
471 1196 60 31 and
555 1196 54 32 she
639 1197 62 31 had
724 1210 142 20 recourse
895 1200 93 40 again

162 1259 30 26 to
218 1255 54 30 her
297 1261 94 26 sweet
420 1256 149 42 touching
595 1262 88 27 tones
708 1259 62 31 and
801 1260 187 42 beseeching

162 1316 50 30 air.

205 1376 42 33 M.
266 1377 36 31 de
320 1377 163 43 Moranges
507 1381 156 32 remained
687 1382 90 32 silent
800 1382 46 33 for
870 1384 118 31 several

164 1438 139 40 minutes,
329 1440 180 41 apparently
525 1442 141 41 Avorking
691 1448 54 27 out
768 1455 85 20 some
877 1444 111 43 knotty

166 1501 136 41 problem
318 1501 31 31 in
365 1501 45 32 his
427 1515 68 19 OAvn
511 1503 95 34 mind.
652 1505 44 32 At
711 1506 65 40 last,
780 1526 43 3 —
