1079 1710
149 82 53 25 274

379 88 82 20 LOVE
485 86 64 21 THE
572 84 164 22 AVENGER.

149 163 127 41 Gaston,
295 164 45 31 for
361 164 69 30 that
450 162 75 42 they
542 161 62 32 had
624 161 80 32 been
724 160 79 41 boys
822 157 155 43 together,

148 226 61 30 and
224 225 69 31 that
308 226 24 30 it
348 237 62 19 was
426 236 39 20 no

191 286 102 32 Count
309 286 125 41 Dupont
454 284 111 42 passed
588 284 48 31 his
657 282 83 33 hand
757 293 76 22 over
848 282 47 33 his
912 282 65 33 face

148 348 135 41 uttering
299 359 84 21 some
399 348 158 31 indistinct
572 345 181 44 expression
772 345 34 31 of
817 344 81 43 pain.

189 409 185 33 Meanwhile
402 409 109 33 Victor
538 420 64 20 Avas
634 420 75 20 once
736 419 86 20 more
849 407 128 41 holding

146 470 53 33 the
216 471 56 43 slip
294 471 35 31 of
347 483 95 31 paper
462 471 31 31 in
514 470 48 32 his
583 470 82 32 hand
681 469 63 33 and
760 469 179 43 examining
954 469 23 32 it

147 533 150 41 minutely
313 533 30 31 in
360 545 93 29 every
470 533 99 32 detail.

222 594 31 32 It
275 594 62 32 had
360 594 69 32 best
453 595 38 31 be
515 594 166 41 destroyed
830 593 38 32 he
892 604 83 20 mur-

146 656 106 31 mured
268 669 6 27 ;
325 656 67 40 and,
431 661 33 26 at
504 668 40 19 an
585 656 172 42 approving
794 655 68 41 sign
896 654 79 32 from

146 716 136 42 Dupont,
310 717 38 31 he
376 721 82 27 went
485 729 40 29 up
557 721 31 27 to
619 717 53 32 the
704 717 165 42 fire-place,
903 717 70 39 and,

147 779 142 41 stooping
311 779 98 39 doAvn,
432 782 56 39 put
513 779 53 31 the
591 779 53 31 bill
670 778 34 32 of
724 779 162 42 exchange
909 779 65 32 into

145 838 52 33 the
224 839 63 32 fire.
348 839 82 32 Both
460 851 71 21 men
558 839 143 32 watched
727 840 79 32 until
834 839 54 33 the
915 839 60 33 last

145 906 83 26 trace
245 900 35 32 of
291 900 52 32 the
359 912 96 30 paper
470 900 61 32 had
546 900 78 33 been
641 901 94 32 burnt
751 912 96 30 aAvay.

221 962 81 32 Poor
319 962 116 32 Olivier
448 963 5 31 !
502 962 137 42 groaned
655 962 101 32 Henri
772 963 138 42 Dupont,
928 974 43 29 as,

145 1022 46 33 for
212 1035 57 20 one
292 1024 121 40 second,
436 1023 38 32 he
496 1024 109 32 leaned
629 1024 75 31 both
728 1024 47 32 his
797 1024 115 32 elbows
934 1036 37 20 on

145 1084 53 32 the
225 1084 242 42 chimney-piece
495 1086 60 31 and
582 1086 132 32 covered
739 1086 47 32 his
807 1086 66 33 face
898 1087 72 32 with

144 1144 46 32 his
206 1144 108 32 hands.

220 1205 29 31 It
264 1205 24 31 is
305 1205 85 41 eight
409 1206 148 42 o'clock,"
586 1209 162 31 remarked
773 1209 44 33 M.
837 1209 37 33 de
890 1209 82 33 Lan-

144 1277 83 29 cour,
253 1265 124 42 looking
402 1272 31 26 at
460 1267 48 32 his
535 1270 111 32 watch.
730 1270 71 33 You
826 1271 106 43 ought,
957 1272 15 31 I

144 1326 97 38 think,
258 1331 31 27 to
311 1327 76 31 send
402 1332 33 26 to
457 1340 78 29 your
870 1333 102 33 These

144 1387 99 32 words
259 1399 79 20 were
356 1388 165 33 addressed
536 1395 31 27 to
582 1391 54 32 the
652 1403 106 32 young
774 1394 169 41 Marquise.

220 1449 14 31 I
247 1448 62 32 will
326 1460 39 29 go
381 1453 33 27 to
430 1449 63 42 her,
508 1451 25 30 if
544 1463 61 30 you
621 1453 63 32 will
700 1454 90 32 allow
906 1458 65 32 said

143 1511 100 32 Count
260 1511 132 40 Dupont,
