1079 1710
149 79 33 25 84

386 85 82 20 LOVE
492 84 64 21 THE
580 82 160 22 AVENGER.

151 163 115 33 sionate
291 166 82 28 must
399 162 39 31 be
463 162 102 41 pure?
610 159 59 40 Oh,
698 157 174 44 Raymond,
898 156 83 41 Ray-

151 224 110 33 mond!
300 236 60 31 you
382 228 51 27 too
460 234 86 20 arose
574 221 104 32 before
702 220 62 41 her,
792 219 61 33 and
878 218 103 33 forced

151 286 55 32 her
220 286 64 32 into
300 298 18 20 a
335 285 186 32 vehemence
537 295 40 20 no
602 295 57 20 one
675 282 61 32 had
760 293 73 21 ever
858 292 71 21 seen
951 280 30 32 in

153 349 53 30 her
221 347 110 32 before.

197 410 105 40 Going
318 409 81 32 close
416 421 40 29 up
473 413 31 27 to
522 407 125 41 Berthe,
650 426 43 3 —

227 472 73 31 Had
314 483 61 30 you
399 483 39 19 no
455 470 98 32 friend
569 481 74 20 near
665 481 62 31 you
743 468 91 32 when
851 479 62 32 you
929 467 55 32 left

154 546 78 30 your
246 534 141 31 husband
402 533 47 31 for
469 533 41 32 M.
530 532 37 32 de
583 533 145 30 Lancour
739 533 15 31 ?
807 530 54 32 she
878 529 105 41 asked,

156 595 29 31 in
202 607 18 20 a
235 594 87 32 voice
337 594 68 32 that
428 605 64 20 was
509 593 84 42 quite
617 593 104 31 unlike
747 593 55 31 her
827 604 80 29 own,
924 591 60 32 and

156 657 67 31 that
246 656 102 32 forced
377 655 144 32 Madame
545 655 37 32 de
614 655 162 32 Mottefort
798 660 32 26 to
854 654 71 31 look
954 658 30 27 at

157 718 62 30 her.

234 778 58 41 Oh,
421 777 159 33 answered
597 778 123 41 Berthe,
746 778 110 42 taking
879 777 107 42 refuge

160 841 29 30 in
206 840 63 31 talk
282 854 6 26 ;
377 841 61 30 had
454 852 57 20 one
527 853 76 29 very
619 840 74 31 kind
710 839 106 41 friend,
835 851 18 19 a
869 839 117 41 cousin,

161 902 117 40 indeed,
296 902 52 31 the
372 914 83 20 same
481 914 56 20 one
563 902 74 31 with
663 901 101 32 whom
786 902 15 30 I
823 900 80 32 have
924 901 66 41 just

161 964 78 31 been
264 964 130 42 staying,
418 964 60 31 and
494 963 70 32 who
587 962 56 32 has
665 975 72 19 seen
762 974 53 30 my
836 961 152 40 husband,

163 1025 60 31 and
239 1025 168 32 reconciled
423 1036 36 20 us
470 1038 7 27 ;
503 1025 53 31 she
573 1025 52 31 did
640 1024 56 32 her
716 1024 78 40 best,
818 1024 65 40 but,
907 1023 64 31 alas
983 1025 7 30 !

165 1086 13 30 I
201 1086 87 31 could
303 1090 54 27 not
372 1086 71 41 help
459 1086 127 41 myself!
642 1086 60 31 and
719 1086 53 31 she
791 1085 100 32 added
907 1097 83 20 some

165 1147 107 32 details
289 1147 130 41 proving
434 1146 54 31 her
504 1146 126 32 friend's
647 1158 92 30 eager
756 1147 97 32 desire
869 1152 33 27 to
918 1158 74 21 save

166 1209 55 31 her
234 1222 6 27 ;
265 1208 55 32 but
344 1207 52 32 she
419 1207 117 42 always
560 1208 144 32 recurred
720 1213 31 27 to
776 1208 57 32 her
856 1208 137 32 declara-

167 1270 65 31 tion
258 1269 68 32 that
353 1268 52 32 she
435 1269 168 32 "couldn't
629 1269 71 42 help
923 1270 70 39 and,

169 1331 78 31 after
285 1330 123 40 prating
434 1330 46 32 for
519 1341 84 21 some
637 1330 138 40 seconds,
807 1330 103 33 whilst
940 1330 54 33 her

171 1394 123 30 listener
316 1391 110 32 looked
449 1391 55 32 her
530 1391 134 43 through
687 1392 60 31 and
773 1392 145 42 through,
981 1394 20 29 /

172 1454 91 33 could
277 1459 51 26 not
341 1453 70 41 help
585 1453 54 32 she
664 1454 177 33 concluded.

217 1517 17 15 '•'
247 1516 15 31 I
420 1515 134 32 retorted
570 1516 86 31 Aunt
677 1516 202 39 Clementine,
937 1516 60 33 had
