1079 1710
865 75 32 24 59

403 81 61 20 FOR
486 81 89 20 EVER.

79 156 60 31 and
176 156 110 33 looked
324 162 52 27 out
413 158 63 32 into
505 157 53 33 the
588 157 75 32 dark
692 157 70 32 blue
800 161 97 37 starry

79 218 98 41 night.

125 281 85 32 Stars
226 293 81 21 were
328 281 202 43 everywhere,
553 293 39 21 on
612 281 73 33 both
707 292 117 30 canopy
839 280 60 32 and

82 347 105 37 carpet
199 356 7 28 ;
237 342 46 33 for
303 343 53 32 the
377 343 130 42 spotless
525 355 93 29 snow,
642 342 164 43 spreading
827 353 72 21 over

81 403 53 32 the
165 403 77 33 wide
276 415 106 31 spaces
414 404 34 32 of
480 404 52 32 the
564 404 123 41 garden,
722 403 114 42 replied
868 403 31 31 in

84 464 137 43 sparkles
245 469 32 27 to
303 465 52 31 the
380 465 103 42 bright
505 465 124 41 glances
652 464 35 32 of
707 464 53 32 the
784 464 115 41 thickly

84 530 113 27 strewn
216 526 106 42 jewels
343 526 33 31 of
394 526 52 31 the
468 526 63 42 sky.
577 526 72 31 And
670 525 38 32 oh
722 527 6 31 !
756 526 68 31 how
844 525 55 32 full

83 599 64 20 was
162 587 52 32 the
230 587 70 32 void
316 587 34 31 of
365 587 66 31 that
447 587 60 31 still
522 587 89 41 night
626 587 74 31 with
716 599 57 19 one
789 588 109 41 image,

85 648 59 32 and
165 648 69 31 how
249 648 71 31 loud
341 659 62 20 was
419 648 38 31 its
478 648 110 31 silence
608 652 32 27 to
662 648 127 32 Claire's
812 647 87 32 heart

83 709 75 30 with
174 720 56 19 one
245 720 89 19 name
345 709 6 30 !

126 769 61 32 She
208 769 121 31 crossed
347 769 75 31 both
443 769 54 32 her
514 769 98 31 hands
635 781 72 19 over
729 769 55 31 her
804 769 93 31 knees

82 830 34 42 (it
142 841 62 20 was
231 842 17 19 a
273 830 147 31 favourite
447 830 129 31 attitude
604 830 33 31 of
658 829 81 43 hers)
765 829 60 32 and
852 833 45 28 sat

80 891 134 40 hushing
229 891 52 31 the
294 891 76 40 deep
381 891 55 40 joy
452 891 107 31 within
576 891 63 32 her.

122 952 94 31 From
231 951 53 32 the
300 952 114 31 distant
429 952 96 31 music
529 964 106 29 -room,
660 951 113 32 sounds
788 951 112 31 floated

80 1012 190 32 unhindered
286 1012 40 42 by
343 1024 60 30 any
415 1012 120 42 earthly
550 1024 145 30 presence
710 1016 32 27 to
758 1012 55 31 her
829 1023 51 20 ear
892 1025 5 18 :

80 1085 85 21 came
187 1085 34 20 as
241 1073 120 42 though
376 1073 114 32 wafted
508 1073 89 32 down
618 1077 33 28 to
673 1073 55 32 her
749 1072 77 32 from
848 1072 52 32 the

78 1136 178 33 fathomless
282 1137 65 40 sky.
393 1136 84 31 Here
502 1136 60 31 and
587 1135 86 32 there
697 1135 53 31 she
774 1134 123 42 caught,

78 1198 111 32 almost
204 1198 244 40 unconsciously,
466 1209 19 20 a
499 1197 84 31 word
593 1210 7 27 ;
632 1208 74 20 once
728 1196 53 32 the
801 1208 52 29 cry
870 1195 32 31 of

77 1259 101 32 Addio
204 1259 31 32 in
261 1258 53 33 the
336 1259 148 32 Miserere
508 1258 35 32 of
563 1258 54 31 the
642 1258 171 39 Trovatore,
840 1257 60 32 and

77 1324 75 32 then
176 1323 71 41 only
270 1323 113 32 sounds
407 1322 133 42 vaguely
563 1325 93 28 sweet
667 1335 6 27 ;
712 1321 51 31 the
787 1319 113 43 crystal

77 1391 87 27 tones
177 1385 34 32 of
222 1385 136 39 Nilsson,
372 1384 122 41 ringing
510 1387 53 28 out
578 1383 135 31 bell-like
730 1394 18 19 a
761 1380 138 34 Swedish

77 1446 52 41 air,
159 1458 34 20 or
217 1446 53 32 the
297 1445 72 32 wild
395 1445 138 41 wailings
559 1444 35 32 of
613 1456 57 20 one
698 1443 34 32 of
752 1442 147 42 Chopin's

77 1508 110 41 mystic
198 1507 155 33 melodies.
380 1507 105 41 Every
494 1517 93 20 nerve
600 1506 31 30 in
644 1504 100 33 Claire
756 1502 144 44 quivered
