1079 1710
162 69 53 25 144

393 76 82 19 LOVE
498 75 65 20 THE
586 73 161 22 AVENGER.

160 153 108 41 people
285 152 63 32 into
365 156 137 35 account,
520 155 54 27 not
591 150 132 32 because
746 149 38 32 he
806 147 133 33 disliked
955 159 34 19 or

160 214 142 42 despised
317 214 84 32 them
420 214 95 42 (there
533 224 95 20 never
650 212 62 32 had
735 212 78 31 been
835 209 154 43 anything

159 275 220 42 misanthropic
395 275 94 31 about
504 274 87 41 him),
617 274 56 31 but
696 274 132 31 because
845 273 38 31 he
900 284 89 20 over-

160 337 108 32 looked
298 336 93 40 them,
420 336 163 32 otherwise
614 336 76 32 than
723 347 33 21 as
788 336 201 31 instruments

156 397 169 33 conducive
341 402 32 27 to
389 397 47 32 his
453 397 155 41 comforts,
634 397 47 32 his
704 397 167 42 pleasures,
889 408 34 21 or
939 397 48 31 his

158 459 150 31 interests.
355 458 50 32 He
421 458 62 32 had
499 457 57 41 led,
575 469 34 21 as
625 457 57 33 has
698 457 78 33 been
800 457 185 38 mentioned,

156 533 20 19 a
202 533 74 29 very
304 521 105 41 kingly
437 520 59 41 life,
525 520 116 42 having
668 520 79 31 been
774 520 111 40 famed,
914 521 73 31 sub-

157 583 108 32 mitted
287 588 41 35 to,
353 583 149 40 flattered,
520 583 60 32 and
600 583 107 41 highly
724 583 190 40 considered,
939 583 47 32 for

157 656 125 21 reasons
306 645 154 31 exclusive
486 645 34 31 of
542 656 60 30 any
627 645 97 31 moral
751 645 100 40 merit,
878 645 61 32 and
962 645 23 32 it

158 718 62 20 was
244 706 119 32 natural
389 706 122 42 enough
537 706 70 32 that
634 706 39 32 he
701 706 110 32 should
838 706 145 33 conceive

158 771 124 32 himself
307 772 168 41 privileged
501 777 32 26 to
560 772 38 31 do
624 772 156 31 Avhatever
812 772 100 42 might
944 773 38 32 be

156 833 95 32 found
273 833 161 42 agreeable
450 833 128 32 without
602 833 156 33 reference
774 838 31 27 to
823 834 83 32 Avhat
929 834 53 32 the

158 893 146 32 so-called
328 893 95 31 world
447 893 99 41 might
571 905 53 30 say
651 905 33 19 or
708 893 87 31 think
821 905 83 31 upon
928 894 54 33 the

155 954 124 39 subject.

199 1015 50 30 He
268 1015 60 30 had
347 1019 54 27 not
419 1015 130 32 married
570 1015 31 31 in
623 1015 84 43 early
724 1016 49 32 life
795 1016 46 32 for
862 1019 118 31 several

157 1087 141 28 reasons;
333 1076 107 41 firstly,
468 1087 33 21 as
528 1076 55 32 has
613 1077 78 32 been
722 1079 102 40 noted,
853 1079 39 32 he
920 1081 60 32 had

155 1137 76 31 from
254 1136 46 31 his
323 1137 108 40 boyish
455 1137 75 42 days
553 1138 78 32 been
654 1150 33 20 so
707 1140 92 31 much
823 1140 93 33 loved
939 1142 41 43 by

155 1208 34 21 so
204 1208 92 30 many
312 1208 119 21 women
447 1197 67 33 that
530 1199 39 31 he
586 1199 108 33 lacked
709 1201 53 31 the
779 1204 201 43 opportunity

155 1258 44 31 for
223 1257 147 41 choosing
386 1269 57 20 one
460 1258 69 33 who
547 1259 108 32 should
679 1261 37 32 be
740 1264 170 43 ostensibly
925 1265 53 32 the

154 1324 122 36 partner
302 1318 33 31 of
357 1319 46 30 his
430 1319 151 33 existence
596 1334 6 27 ;
637 1324 156 42 secondly,
820 1324 38 33 he
884 1326 94 32 found

155 1379 37 31 he
209 1379 89 31 could
314 1379 77 31 have
408 1379 39 31 all
463 1379 52 32 the
532 1380 191 44 advantages
740 1385 34 31 of
792 1387 186 42 matrimony

154 1440 126 32 without
295 1451 59 30 any
370 1440 34 31 of
416 1440 37 32 its
470 1440 162 44 thraldom,
650 1446 61 30 and
727 1446 68 33 that
811 1447 52 32 the
880 1450 98 32 world

154 1503 71 42 only
249 1503 110 31 craved
385 1502 46 32 for
458 1503 186 35 admittance
672 1507 96 33 inside
794 1509 46 32 his
867 1511 110 41 doors;
