1079 1710
169 85 52 25 198

407 89 82 21 LOVE
512 88 64 21 THE
599 85 162 23 AVENGER.

167 179 33 20 as
216 167 25 32 is
258 180 71 20 ever
345 168 53 31 the
416 170 84 28 wont
516 165 35 31 of
562 164 53 32 the
631 158 228 47 good-natured
876 157 120 42 vulgar,

167 229 67 32 that
261 229 55 32 she
346 228 109 33 should
487 237 106 22 amuse
624 223 131 41 herself;
795 223 201 36 amusement,

167 291 51 32 the
242 290 188 40 distraction,
455 288 132 41 namely,
615 286 33 32 of
668 285 52 32 the
746 283 86 33 mind
856 282 79 31 from
957 279 39 33 all

167 353 39 31 its
223 352 55 41 ills,
296 352 100 42 being,
422 350 165 40 according
606 353 31 27 to
657 346 74 41 him,
755 357 19 21 a
791 341 205 47 purchasable

166 414 195 41 commodity,
379 413 59 32 like
455 424 19 20 a
489 411 145 32 necklace
652 422 34 19 or
703 421 17 19 a
736 408 99 31 horse.

211 476 48 32 On
289 476 52 31 the
372 474 101 32 fourth
505 474 60 42 day
596 472 78 33 after
704 471 53 32 the
787 470 63 32 ball
882 473 31 28 at
943 468 52 32 the

165 536 132 32 Russian
323 537 152 41 embassy,
506 535 54 32 the
592 545 105 32 young
726 532 159 42 Marquise
912 535 83 27 went

164 602 31 27 to
216 598 52 32 the
289 599 110 31 Italian
416 598 104 42 Opera
536 596 74 32 with
633 596 54 31 her
710 595 121 32 mother
855 594 62 32 and
940 593 55 31 her

164 659 151 32 husband.
364 659 117 32 Olivier
508 658 55 32 left
593 658 85 31 them
708 656 105 32 before
844 655 53 33 the
929 655 66 32 first

163 725 50 26 act
234 720 33 31 of
289 721 52 31 the
369 721 163 31 Trovatore
553 732 63 19 was
640 719 107 40 ended,
774 718 60 32 and
858 718 53 31 the
932 722 63 27 two

162 781 95 31 ladies
289 782 156 31 remained
479 781 97 39 alone,
609 781 103 31 unless
745 780 91 32 Avhen
869 779 126 32 visitors

163 853 86 21 came
272 847 31 26 to
327 842 51 32 the
405 842 62 32 box
491 847 32 27 to
548 853 61 31 pay
631 842 78 32 their
735 846 85 28 court
839 846 32 27 to
896 840 97 32 them.

164 904 44 32 At
238 903 52 33 the
322 904 82 32 close
429 903 35 33 of
488 904 54 32 the
572 904 67 32 first
666 909 50 27 act
741 903 99 33 Henri
865 904 130 42 Dupont

163 965 187 32 established
381 965 127 32 himself
536 966 138 42 opposite
708 970 32 27 to
775 966 145 31 Madame
956 966 38 31 de

163 1027 164 40 Clavreuil,
355 1027 60 31 and
440 1028 141 41 engaged
604 1027 55 32 her
682 1027 31 32 in
737 1039 19 20 a
779 1027 215 32 conversation

163 1091 31 30 in
219 1090 100 31 which
339 1090 102 32 Claire
466 1090 73 32 took
566 1091 55 31 but
645 1102 40 20 an
708 1090 174 32 indifferent
902 1095 71 37 part
986 1103 7 27 ;

161 1152 64 39 but,
251 1163 34 19 as
309 1152 99 30 Henri
433 1163 65 20 was
521 1152 106 32 seated
654 1152 115 32 behind
793 1152 54 32 the
874 1152 120 32 latter's

162 1212 92 40 chair,
279 1212 39 32 he
342 1212 52 32 did
416 1217 54 27 not
488 1224 51 21 see
558 1213 51 32 the
627 1213 116 43 objects
759 1214 68 32 that
843 1212 151 33 attracted

162 1273 56 30 her
236 1273 159 30 attention.

205 1334 100 30 There
322 1345 63 19 was
402 1345 65 19 one.

204 1394 66 32 The
289 1394 61 32 box
372 1394 149 42 occupied
544 1395 42 43 by
603 1396 102 33 Claire
721 1409 65 20 was
803 1398 67 42 just
887 1398 31 32 in
941 1399 52 32 the

162 1455 80 33 bend
258 1455 34 33 of
310 1455 52 32 the
385 1455 105 42 house,
519 1468 32 20 so
575 1457 69 33 that
664 1459 52 32 the
737 1460 133 32 inmates
887 1460 35 31 of
940 1461 53 33 the

162 1522 75 27 next
251 1517 61 32 box
327 1516 56 32 but
398 1521 62 28 tAvo
476 1529 79 20 were
575 1531 84 20 more
675 1521 110 31 visible
806 1521 76 31 than
903 1521 90 31 those
