1079 1710
875 90 48 25 211

330 96 62 21 THE
415 96 110 21 CIRCLE
548 96 160 21 NARROWS.

110 168 101 33 fellow
234 171 185 33 Mardonnet
441 173 131 42 actually
595 173 142 41 standing
759 172 117 41 talking
898 175 30 28 to

190 294 49 32 Oh
242 313 39 4 —
285 307 56 29 aye
341 315 44 3 —
385 307 54 30 yes
452 296 6 32 !
493 296 15 31 I
745 296 182 31 stammered

112 358 54 27 out
191 354 123 34 Olivier.
393 357 50 31 He
463 357 63 41 just
552 368 85 20 came
653 368 41 30 up
716 361 32 27 to
771 368 49 19 me
843 355 45 32 for
911 367 16 20 a

109 421 147 27 moment.
303 417 89 32 After
408 418 49 39 all,
474 429 61 29 you
550 418 100 39 know,
667 418 62 31 he's
744 417 52 32 the
813 418 114 40 deputy

111 477 35 31 of
156 477 53 31 the
225 477 199 42 department,
439 478 60 32 and
515 489 56 21 one
588 478 78 32 can't
677 478 99 32 refuse
791 483 31 26 to
838 478 89 32 listen

110 542 32 27 to
158 538 63 31 him
236 538 27 31 if
281 539 38 31 he
336 539 110 40 speaks
462 544 30 27 to

214 599 61 41 beg
292 611 76 30 your
390 600 124 41 pardon,
539 611 70 20 mon
751 599 174 41 interposed

110 659 129 40 Gaston,
268 660 128 41 warmly
407 673 6 27 ;
479 672 56 20 one
566 672 65 27 can,
659 661 60 30 and
750 672 55 19 one
833 665 89 27 must.

109 719 51 32 He
176 720 147 31 wouldn't
339 720 93 41 speak
447 725 32 27 to
495 732 57 28 me,
571 732 33 19 or
618 725 32 27 to
673 732 52 29 my
740 720 107 40 father,
866 732 58 29 you

109 792 71 29 may
196 780 118 41 depend
329 792 83 30 upon
426 781 31 32 it.
497 781 114 31 You're
626 785 52 27 too
695 792 80 29 easy,
799 780 122 40 Olivier,

108 853 61 30 you
192 846 82 27 must
297 841 94 32 shake
407 841 52 31 the
475 841 101 31 fellow
593 841 43 31 off
654 841 60 31 like
730 852 39 20 an
783 840 97 32 insect
882 859 43 4 —

108 903 65 31 he's
196 902 130 41 nothing
347 903 56 30 but
419 914 18 19 a
453 902 69 40 vile,
540 902 59 30 low
613 901 148 41 intriguer
772 915 6 27 ;
804 901 59 31 and
886 901 37 31 he

107 964 57 31 has
187 968 54 36 got
264 975 17 19 a
303 963 72 41 plan
391 963 31 30 in
437 962 48 31 his
501 963 78 30 head
594 974 68 19 now
678 962 67 31 that
760 974 60 29 you
843 968 82 25 must

107 1028 72 42 help
207 1040 35 18 us
269 1032 31 26 to
325 1027 117 31 thwart.
498 1027 70 31 You
601 1027 89 31 know
714 1027 52 31 the
798 1027 124 42 Brunoy

107 1088 116 33 branch
239 1088 33 31 of
283 1087 53 32 the
351 1099 68 20 new
435 1087 123 42 railway
568 1089 14 30 ?
617 1087 89 40 Well,
724 1087 38 32 he
777 1092 97 27 wants
889 1092 32 27 to

106 1150 39 32 be
168 1150 89 30 made
281 1148 154 32 chairman
459 1149 29 30 of
511 1148 51 32 the
578 1148 100 38 board,
695 1148 59 32 and
769 1148 85 32 there
871 1160 50 20 are

105 1215 54 28 not
184 1209 136 42 wanting
346 1209 77 32 local
446 1209 163 31 influences
635 1213 32 27 to
690 1213 126 38 support
838 1209 63 31 him
912 1223 7 27 ;

105 1273 57 31 but
177 1284 47 19 we
239 1276 83 26 must
338 1270 39 31 all
393 1269 71 32 hold
478 1269 148 40 together,
644 1269 59 32 and

149 1333 44 31 M.
213 1332 36 30 de
266 1330 177 33 Vivienne's
460 1330 134 41 carriage
609 1341 61 21 was
688 1330 103 40 called,
806 1330 60 32 and
881 1330 36 32 he

104 1394 62 32 had
181 1398 31 27 to
227 1393 86 31 leave
330 1392 114 32 Olivier
459 1391 31 32 in
507 1392 85 31 order
607 1395 32 28 to
656 1391 72 32 offer
744 1392 47 31 his
807 1403 64 20 arm
887 1396 30 27 to

103 1456 47 31 his
166 1454 78 40 wife,
262 1453 68 31 who
347 1456 32 28 at
401 1452 65 31 that
480 1457 136 26 moment
631 1464 62 20 was
717 1453 148 41 speaking
886 1457 31 27 to

104 1517 110 33 Claire.
262 1516 63 31 But
340 1526 33 20 as
388 1514 38 32 he
442 1514 54 31 left
512 1514 61 31 him
589 1514 38 32 he
644 1514 71 39 said,
718 1533 43 4 —

767 1581 14 14 p
795 1577 11 18 2
