1079 1710
152 73 51 26 166

395 80 82 20 LOVE
501 80 64 20 THE
591 79 159 21 AVENGER.

150 156 111 40 Claire,
281 168 38 20 on
347 156 52 31 the
426 160 154 37 contrary,
598 156 31 31 in
653 155 80 42 spite
758 155 33 31 of
810 155 55 31 her
890 159 88 37 great

150 230 122 28 sorrow,
290 230 63 20 was
370 218 140 42 entering
532 229 39 21 on
587 217 123 32 untried
725 229 90 30 years
839 217 60 32 and
923 217 55 31 rife

149 279 196 42 unwittingly
362 279 76 32 with
454 279 39 32 all
510 279 53 32 the
581 279 170 32 curiosities
768 279 34 32 of
813 279 61 32 life.
916 278 62 33 She

146 340 89 33 could
252 341 125 32 wonder
393 341 70 40 still,
481 340 61 33 and
565 340 117 33 admire
707 352 34 20 or
763 340 38 33 be
819 340 159 42 dismayed

147 403 100 31 where
263 403 55 32 her
334 407 75 28 aunt
425 403 101 32 would
549 403 38 32 be
603 404 116 41 merely
735 403 154 42 patiently
905 415 72 20 con-

145 465 186 41 templative.

222 527 82 32 How
320 539 76 30 poor
412 528 60 31 and
489 527 186 32 insufficient
691 539 78 30 your
784 527 90 31 uncle
890 533 84 26 must

144 588 78 32 have
253 588 92 33 found
377 589 61 40 life,
467 594 33 27 to
527 589 79 32 have
634 600 152 29 recourse,
817 589 91 32 when
935 589 39 32 its

143 650 100 42 larger
266 650 67 32 half
355 651 24 31 is
403 663 82 29 over,
503 656 32 26 to
552 651 75 31 such
645 663 18 19 a
680 655 67 38 step
759 653 6 30 !
822 651 151 32 observed

141 711 144 32 Madame
317 712 190 32 Beaudouin.
599 713 50 32 He
684 713 24 31 is
747 713 88 42 sadly
865 718 32 27 to
933 714 40 32 be

139 772 94 41 pitied
247 774 5 31 !

280 834 26 31 is
322 835 126 42 terribly
463 840 32 27 to
512 836 38 31 be
566 836 122 31 blamed
703 837 5 31 !
765 837 136 31 retorted
918 836 52 32 the

138 907 104 29 young
257 897 165 40 Marquise.

213 957 55 42 My
285 969 68 20 OAvn
521 969 63 21 was
608 958 54 32 her
689 959 102 32 aunt's
807 959 161 42 rejoinder,

138 1018 71 31 with
226 1030 18 19 a
260 1019 95 32 shake
381 1019 34 32 of
433 1020 53 32 the
503 1019 89 42 head,
642 1025 33 27 to
690 1020 102 32 blame
810 1033 58 20 one
884 1026 82 27 must

139 1079 89 31 know
240 1093 7 26 ;
265 1091 45 20 we
326 1080 90 32 know
433 1081 131 43 nothing
580 1082 31 31 in
626 1082 62 31 this
705 1094 79 21 case.
826 1083 142 43 Suppose

136 1140 41 32 M.
196 1141 37 31 de
250 1141 166 42 Moranges
433 1142 85 32 loves
535 1143 62 31 this
612 1155 77 30 poor
705 1144 155 32 Avretched
883 1146 58 41 girl
954 1147 14 31 ?

135 1200 26 31 if
178 1200 39 32 he
243 1201 81 40 does,
342 1202 37 32 he
404 1202 61 32 will
492 1203 102 42 surely
610 1204 43 32 let
680 1217 39 19 no
744 1218 58 20 one
827 1207 141 33 discover

390 1325 115 32 echoed
533 1326 111 42 Claire,
664 1328 29 31 in
709 1340 116 22 amaze.

134 1384 89 32 uncle
235 1386 6 31 !
266 1397 52 30 my
334 1386 98 41 uncle,
450 1387 78 31 after
543 1388 52 31 the
612 1389 49 32 life
677 1389 39 32 he
732 1389 56 33 has
805 1391 49 31 led
865 1392 7 31 !
897 1391 26 32 it
938 1392 26 32 is

209 1508 65 31 The
301 1509 162 39 mysteries
489 1510 33 31 of
540 1510 52 33 the
616 1511 116 32 human
748 1512 87 32 heart
850 1524 53 20 are
925 1526 35 20 so
