1079 1710
397 416 198 31 CHAPTER
625 416 85 31 XIV.

473 514 58 21 TOO
555 514 95 21 DEAR.

191 591 35 30 It
251 602 63 20 was
338 590 56 32 but
418 595 52 27 too
495 595 68 27 true
591 591 84 31 what
708 589 121 33 Gaston
855 588 38 32 de
918 588 57 33 Vi-

149 653 109 31 vienne
282 652 61 31 had
367 652 193 42 complained
591 652 50 40 of;
677 651 62 32 and
767 651 117 32 Olivier
915 649 60 32 had

147 714 129 31 alloAved
302 713 52 32 the
378 725 81 28 man,
477 713 35 32 of
530 713 101 32 whom
657 713 177 42 everybody
857 712 118 32 around

147 775 63 30 him
227 775 94 41 spoke
338 786 34 21 so
388 775 274 42 contemptuously,
680 775 60 31 and
757 775 105 31 whose
878 786 97 31 oppo-

145 841 74 27 nent
243 836 38 32 he
308 836 60 32 had
396 836 138 33 declined
559 841 30 28 to
613 837 38 32 be
668 841 32 28 at
715 837 53 32 the
784 836 142 41 election,
944 841 31 28 to

147 910 85 19 come
258 909 42 31 up
325 898 61 31 and
413 898 94 42 speak
530 898 162 42 familiarly
715 898 75 32 Avith
813 898 65 31 him
901 898 32 31 in
957 909 18 20 a

146 960 86 41 place
257 959 34 31 of
309 959 104 42 public
438 964 107 28 resort.
592 960 52 32 He
667 960 62 31 had
751 960 89 41 tried,
865 960 24 31 it
911 971 63 20 was

145 1025 77 36 true,
239 1026 33 27 to
301 1021 96 32 evade
422 1022 73 40 him,
523 1022 54 31 but
602 1022 83 32 since
707 1022 49 31 his
772 1022 154 32 elevation
942 1027 32 27 to

144 1082 52 31 the
212 1083 76 31 rank
305 1083 35 31 of
358 1095 18 19 a
399 1083 137 32 member
560 1083 36 32 of
612 1083 53 33 the
690 1084 171 41 legislative
880 1084 93 42 body,

145 1143 185 32 Mardonnet
346 1144 122 31 seemed
493 1145 169 31 someAvhat
684 1156 85 21 more
794 1145 128 32 difficult
944 1150 31 27 to

145 1204 94 31 evade
254 1217 6 27 ;
284 1204 38 32 he
349 1204 61 32 had
433 1205 79 32 tried
538 1210 33 27 to
600 1211 52 27 cut
675 1206 87 33 short
784 1206 53 33 the
862 1206 113 44 speech

144 1265 165 31 addressed
341 1270 30 26 to
410 1266 63 31 him
511 1266 41 42 by
583 1266 51 33 the
674 1268 124 42 deputy,
831 1269 56 32 but
921 1270 53 32 the

144 1326 115 41 deputy
275 1326 103 31 would
392 1331 54 27 not
460 1327 42 32 let
516 1327 71 32 him.
635 1329 51 32 He
702 1330 62 32 had
787 1336 54 27 not
858 1332 117 32 shaken

143 1387 97 31 hands
267 1387 75 31 with
369 1388 42 32 M.
441 1388 179 43 Theophile,
640 1390 22 31 it
685 1391 25 31 is
729 1397 68 27 true
800 1412 43 3 —
847 1393 48 43 (he
912 1393 63 33 had

144 1448 160 32 contrived
327 1453 32 26 to
376 1459 109 31 escape
501 1449 77 42 that)
581 1470 43 3 —
626 1451 56 32 but
697 1453 159 32 Monsieur
872 1454 102 33 Theo-

144 1509 81 43 phile
242 1520 64 21 was
323 1509 165 43 preparing
504 1515 35 27 to
559 1519 198 34 compensate
781 1515 128 32 himself
928 1516 47 32 for
