1079 1710
363 411 203 31 CHAPTER
591 412 53 30 XL

214 508 63 20 THE
301 508 91 21 DARK
414 509 136 20 SHADOW
572 509 109 20 PASSES
703 509 104 20 AWAY.

144 585 72 31 The
243 585 143 42 Sphinx's
409 585 94 40 mind,
521 596 33 20 as
581 585 55 31 has
663 586 76 30 been
762 585 93 31 noted
878 585 40 31 all

106 647 101 41 along,
225 659 64 19 was
312 647 30 30 in
359 658 17 20 a
391 651 81 27 most
487 646 119 31 chaotic
623 645 152 32 condition
777 665 41 3 —
820 646 53 31 full
890 645 33 32 of

105 708 61 31 odd
193 708 193 41 imaginings,
415 708 60 31 and
505 708 83 40 dark,
613 707 130 31 because
769 719 40 19 no
833 707 87 42 pains

104 769 61 31 had
188 769 77 31 been
286 769 93 31 taken
399 773 32 26 to
454 768 154 41 enlighten
630 768 32 31 it.
709 768 28 31 It
760 768 26 30 is
807 767 113 31 certain

100 830 68 31 that
192 830 51 31 the
271 834 243 27 announcement
535 834 32 27 to
590 829 54 31 her
659 829 41 41 by
715 829 52 31 the
782 830 138 40 Marquis

100 891 35 32 of
153 891 46 31 his
216 891 150 31 intention
382 895 32 27 to
430 902 103 30 marry
547 890 56 31 her
618 890 61 31 had
695 890 156 41 dismayed
866 890 55 31 her

101 952 122 41 beyond
239 953 109 39 words,
366 952 60 31 and
442 952 112 31 caused
569 952 55 31 her
641 964 33 19 as
689 951 91 32 much
796 952 81 40 grief
888 964 33 19 as

101 1014 71 31 fear.
186 1024 2 10 '
222 1013 61 33 She
308 1025 32 19 so
357 1013 103 31 feared
476 1014 43 30 M.
537 1013 37 31 de
590 1014 174 39 Moranges,
782 1013 65 30 that
869 1013 52 31 the

100 1074 69 32 idea
185 1074 34 31 of
230 1074 165 31 resistance
412 1074 51 31 did
479 1080 53 25 not
548 1085 91 20 occur
653 1078 32 27 to
702 1073 54 32 her
767 1086 6 27 ;
797 1074 54 30 but
867 1074 54 31 her

102 1136 63 32 dim
196 1135 194 43 perceptions
424 1135 120 42 pointed
577 1140 31 26 to
640 1135 51 31 the
729 1135 193 31 tremendous

104 1197 118 32 honour
249 1196 159 33 conferred
431 1208 81 30 upon
536 1196 55 31 her
613 1196 41 41 by
672 1196 50 31 the
746 1196 174 31 immutable

101 1260 109 31 decree
226 1259 100 31 which
352 1258 159 42 separated
536 1258 55 32 her
613 1258 78 31 from
716 1257 123 33 Olivier.
886 1259 35 30 In

100 1321 57 31 her
174 1319 107 39 ethics,
297 1330 33 20 so
346 1319 72 41 long
433 1331 34 20 as
483 1319 54 32 she
553 1319 155 32 remained
724 1319 31 31 in
770 1319 52 32 the
838 1319 84 41 place

101 1382 55 31 she
183 1391 71 20 now
271 1379 154 41 occupied,
451 1379 52 32 she
531 1379 98 41 might
656 1379 124 32 achieve
807 1379 38 32 all
872 1379 51 32 the

104 1443 75 31 ends
205 1441 33 31 of
257 1439 153 43 gratitude
437 1440 71 41 (and
525 1440 38 31 do
579 1445 53 27 not
647 1440 109 41 forget,
774 1439 149 42 gratitude

102 1515 64 20 was
183 1503 60 31 her
258 1500 139 40 religion)
414 1500 41 40 by
471 1501 216 32 concealment.
736 1500 61 33 She
823 1500 61 31 had
907 1511 16 20 a
