1079 1710
157 76 53 25 288

398 83 83 19 LOVE
504 82 65 20 THE
592 79 161 22 AVENGER.

156 169 69 31 way
251 158 165 41 mourning
440 157 47 32 for
516 157 65 31 him
606 156 106 32 whose
741 154 94 33 death
861 152 52 43 lay
944 152 46 31 in-

158 220 128 42 directly
302 224 32 28 at
354 220 56 30 her
426 219 82 31 door.
555 218 45 32 At
623 217 54 32 the
702 216 60 33 end
778 216 35 33 of
830 216 70 32 that
915 214 76 32 time

157 282 55 31 she
233 286 86 37 crept
340 285 53 27 out
413 280 34 32 of
476 280 55 32 her
559 279 160 40 seclusion,
750 278 62 32 and
843 276 148 43 occupied

156 342 117 32 herself
284 342 74 31 with
375 341 78 32 life's
474 341 142 32 business
636 352 34 20 as
688 339 123 43 though
828 339 55 32 she
900 337 91 34 could

157 404 60 29 still
233 403 63 30 find
312 404 129 29 interest
456 404 31 29 in
504 403 32 30 it.

201 465 61 33 She
294 476 87 21 came
406 465 92 42 again
532 470 33 27 to
598 464 96 41 Paris,
720 463 160 33 conferred
913 462 75 32 with

156 527 130 42 laAvyers
311 526 60 32 and
401 526 144 41 notaries,
574 525 121 43 bought
726 525 61 32 and
821 525 74 40 sold,
928 524 60 33 and

156 589 176 41 bargained,
350 589 60 31 and
426 588 109 32 traded
558 588 46 31 for
621 588 54 31 the
699 587 186 32 undeniable
907 586 81 42 good

157 651 35 31 of
211 651 56 31 her
290 650 208 42 grandchild's
523 654 149 37 property
686 663 6 27 ;
719 649 61 31 and
804 660 65 20 was
892 648 96 32 heard

156 713 117 31 several
289 712 91 31 times
401 716 32 27 to
458 711 91 43 opine
565 711 68 32 that
657 711 23 31 it
696 723 64 20 was
777 711 120 32 neither
913 711 75 31 wise

156 785 55 21 nor
234 774 83 41 right
339 778 33 27 to
400 773 127 32 exclude
561 785 33 20 so
625 773 187 42 completely
839 773 54 31 the
918 785 69 19 neAv

156 836 156 42 Marquise
330 835 36 32 de
383 836 168 41 Moranges
567 835 79 31 from
668 835 40 31 all
726 835 260 32 communication

155 898 74 31 with
244 897 53 32 the
313 897 114 41 family.

233 959 61 32 She
311 959 148 31 conducts
475 957 117 32 herself
813 957 54 33 she
884 958 103 32 would

156 1022 136 31 observe.
394 1019 62 33 She
493 1019 34 41 is,
560 1019 78 32 after
670 1020 49 40 all,
752 1032 54 29 my
836 1020 152 32 brother's

156 1082 104 32 lawful
275 1082 69 31 Avife
355 1095 6 27 ;
387 1081 54 32 she
465 1081 61 31 will
551 1081 152 42 probably
733 1082 80 31 have
845 1094 40 20 no
911 1083 76 31 chil-

157 1144 83 40 dren,
260 1144 61 32 and
344 1144 77 32 little
444 1144 132 32 Pierre's
599 1144 145 33 interests
769 1145 99 42 ought
892 1150 33 27 to
948 1145 40 33 be

157 1205 93 31 taken
266 1204 65 32 into
348 1209 138 28 account.
533 1205 50 32 He
606 1205 102 42 might
730 1206 40 32 be
795 1210 69 28 sent
886 1210 34 28 to
936 1218 52 20 see

259 1265 53 31 she
328 1266 122 38 usually
468 1266 169 32 concluded
653 1266 84 33 with.

200 1326 84 31 Mile.
308 1326 141 41 Mourjon
465 1337 64 21 was
547 1338 95 31 many
657 1327 125 33 months
807 1329 102 32 before
931 1329 55 33 she

156 1392 54 36 got
226 1398 73 20 over
313 1386 52 31 the
381 1387 180 41 impression
584 1388 34 32 of
634 1389 84 31 Avhat
733 1389 62 32 had
811 1390 174 43 happened.

158 1448 62 33 She
239 1448 59 31 lost
315 1447 55 32 her
387 1448 82 42 sleep
487 1448 48 32 for
556 1461 86 20 more
662 1450 76 32 than
759 1463 19 20 a
793 1464 76 29 year
885 1457 54 27 out
957 1453 32 32 of

157 1509 88 32 sheer
261 1508 216 33 watchfulness
503 1521 73 21 over
603 1510 116 33 herself
729 1525 7 25 ;
760 1512 46 31 for
826 1512 55 32 her
906 1514 83 31 chief
