1079 1710
133 70 52 25 136

362 76 82 20 LOVE
468 75 64 21 THE
554 72 163 22 A\TENGER.

132 153 140 32 affection
274 171 43 4 —
318 152 118 41 earthly
480 150 139 32 affection
620 169 44 3 —
664 147 100 34 which
813 147 24 32 is
876 145 85 32 what

132 226 62 31 you
224 219 112 27 cannot
366 214 71 41 give
450 226 6 28 ;
495 212 63 31 and
588 211 83 32 what
702 222 60 31 you
788 221 57 20 can
877 208 83 42 give,

131 276 132 42 namely,
295 276 52 31 the
387 274 155 33 Christian
581 274 68 31 love
688 273 46 31 for
771 271 54 33 the
856 271 102 32 felloAV

132 342 148 36 creature,
306 337 45 32 for
366 336 52 32 the
442 336 136 32 abstract
601 335 180 41 neighbour,
808 333 73 31 does
905 337 54 27 not

130 398 93 31 touch

176 460 66 31 The
257 471 106 30 young
379 459 157 43 Marquise
553 458 110 32 looked
679 457 212 41 discouraged,
909 456 48 31 for

132 521 53 32 she
202 521 53 32 felt
270 521 84 31 there
371 533 62 19 Avas
456 520 86 32 truth
566 525 31 27 at
620 519 52 33 the
696 519 119 33 bottom
841 519 34 31 of
895 518 61 31 this

130 581 128 31 remark.

208 643 69 31 You
301 655 50 19 are
376 655 33 19 so
433 643 164 42 genuinely
614 642 174 41 charitable,
814 654 53 30 my
883 641 72 33 dear

272 705 162 31 continued
459 705 51 31 the
537 705 138 41 Marquis
687 718 6 27 ;
759 705 66 31 that
854 704 15 31 I
891 704 63 30 will

130 766 115 31 confide
270 771 31 26 to
317 778 60 29 you
394 767 82 31 Avhat
493 767 14 31 I
524 766 79 32 have
626 771 55 27 not
696 771 53 37 yet
772 766 65 31 told
853 770 32 27 to
901 766 52 31 the

129 828 146 41 principal
306 839 109 30 person
449 828 169 32 concerned
630 841 6 28 ;
668 828 23 39 I,
724 833 60 34 too,
825 828 79 31 have
935 839 19 20 a

129 888 71 41 plan
223 888 34 31 of
276 900 53 30 my
344 900 69 20 own
435 889 47 31 for
504 889 143 41 rescuing
668 889 63 32 this
755 889 197 32 unfortunate

129 950 64 40 girl,
223 961 33 20 as
280 962 61 30 you
366 950 109 33 choose
505 955 31 28 to
561 951 140 32 consider
725 951 54 32 her
840 951 112 43 (Claire

130 1011 99 30 raised
251 1011 55 32 her
322 1022 71 31 eyes
411 1011 53 32 full
486 1012 35 31 of
537 1012 144 42 gladness
704 1017 32 27 to
758 1013 55 31 her
836 1013 117 31 uncle's

128 1071 76 41 face)
218 1085 6 26 ;
287 1072 13 31 I
326 1073 60 31 will
418 1073 86 42 place
536 1074 54 31 her
616 1075 31 30 in
678 1087 19 19 a
731 1075 152 31 condition
921 1080 34 27 to

129 1132 127 32 retrieve
287 1134 112 42 utterly
424 1135 83 31 Avhat
537 1147 129 30 appears
693 1141 32 27 to
752 1149 61 29 you
837 1149 35 20 as
898 1137 57 32 her

130 1193 45 32 sin
190 1207 5 27 ;
228 1194 15 30 I
267 1206 49 19 am
344 1195 171 42 absolutely
541 1197 216 41 independent,
786 1199 61 31 and
874 1199 80 32 have

128 1255 53 32 the
196 1255 82 42 right
301 1261 32 26 to
350 1256 37 31 do
410 1257 157 32 Avhatever
583 1259 15 31 I
621 1259 60 32 like
694 1273 6 27 ;
732 1272 53 31 my
802 1261 150 32 intention

129 1315 24 32 is
178 1320 31 27 to
237 1327 105 20 rescue
366 1317 61 31 this
451 1318 57 40 girl
535 1319 30 31 in
593 1331 17 20 a
635 1331 68 32 way
730 1333 79 20 none
837 1322 35 32 of
891 1335 61 30 you

129 1377 103 31 dream
249 1376 33 32 of
282 1396 38 2 —
322 1389 52 30 my
390 1377 149 33 intention
555 1380 26 31 is
598 1386 31 26 to
644 1393 103 29 marry

204 1438 57 41 Oh,
279 1438 97 40 uncle,
401 1438 70 32 hoAV
492 1452 55 20 can
572 1453 60 30 you
643 1443 72 42 joke
734 1456 83 29 upon
841 1445 75 32 such
933 1457 19 20 a

328 1499 80 32 cried
435 1501 52 32 the
511 1513 105 32 young
641 1505 165 41 Marquise,
835 1506 73 32 with
935 1519 17 20 a
