1079 1710
874 82 52 25 191

294 88 63 21 THE
380 88 210 21 UNEXPECTED
613 88 132 21 RETURN.

110 174 137 21 sarcasm
262 165 42 42 by
322 165 52 31 the
398 165 159 32 Duchesse
581 165 36 32 de
640 165 168 41 Varignan.
862 164 64 32 The

110 236 106 30 young
232 226 156 41 Marquise
404 226 179 41 recognised
598 226 55 32 her
668 231 129 27 accents.

187 287 89 40 Well,
295 287 40 32 all
355 287 52 32 the
430 299 93 28 same,
541 287 23 32 it
582 287 27 33 is
625 299 18 20 a
657 293 88 36 great

112 348 150 32 observed
289 360 18 20 a
331 348 165 32 somewhat
514 349 174 41 pleasanter
708 349 86 32 voice
808 362 5 27 ;
870 360 59 30 you

113 420 51 20 see
191 409 52 31 the
264 409 112 31 Avound
401 409 121 32 rankles
543 409 31 32 in
600 409 72 33 him.
725 409 50 32 He
797 409 64 40 has,
889 421 40 20 no

113 470 103 41 doubt,
234 470 52 32 the
309 476 81 26 most
414 471 133 41 glorious
574 483 103 19 career
699 471 30 31 in
750 471 52 31 the
825 483 86 29 army
922 484 6 27 ;

112 531 183 42 everything
314 531 55 32 lies
390 531 102 32 before
513 531 72 40 him,
603 536 52 37 yet
673 531 39 32 he
734 536 110 27 cannot
858 531 71 31 bear

111 598 33 26 to
171 604 87 20 come
281 592 80 32 back
386 592 72 32 here
460 610 42 4 —
503 591 38 32 he
568 592 100 31 would
692 591 103 32 rather
815 591 60 33 live
899 592 30 31 in

111 653 53 32 the
191 654 101 31 desert
315 653 74 32 than
415 652 32 31 in
470 652 53 32 the
547 652 86 42 place
659 652 101 32 where
784 652 38 31 he
849 652 80 31 lived

112 715 75 30 with

187 775 52 31 Ah
249 776 6 30 !
280 775 67 31 that
363 774 104 32 struck
487 786 69 30 you,
569 779 61 35 too,
645 774 50 32 did
711 774 31 40 it,
756 774 119 32 Jeanne
885 777 14 29 ?

110 837 140 41 inquired
276 836 84 31 what
391 836 121 31 seemed
542 841 32 26 to
600 836 38 31 be
665 847 19 20 a
706 847 84 20 more
818 837 111 41 elderly

110 910 120 29 person.

189 960 114 32 Struck
319 971 49 19 me
381 960 6 30 !
412 958 80 41 why,
511 958 15 30 I
542 958 109 31 should
665 958 88 30 think
769 970 41 19 so.
848 959 79 31 Who

112 1021 90 30 could
216 1020 54 31 fail
284 1025 32 26 to
333 1031 50 19 see
399 1019 51 31 the
466 1019 92 31 truth.
607 1019 80 30 Poor
702 1018 101 32 fellow
814 1020 7 31 !

297 1092 17 19 a

186 1142 95 30 What
297 1153 17 19 a
331 1140 105 31 shame
449 1141 4 31 !

186 1202 73 31 And
288 1201 46 31 for
371 1201 75 31 such
484 1212 18 19 a
531 1212 119 19 woman
681 1211 32 20 as
744 1200 112 31 Berthe
892 1200 35 31 de

111 1263 170 40 Mottefort,
405 1261 98 32 added
529 1261 144 31 Madame
698 1261 36 31 de
761 1260 166 42 Varignan,

143 1336 34 21 so
202 1323 233 41 uninteresting,
453 1334 33 19 so
513 1322 117 41 devoid,
655 1327 31 26 to
710 1334 53 30 my
787 1334 86 20 sense
898 1327 29 26 at

110 1387 88 37 least,
217 1385 34 32 of
263 1385 40 31 all

306 1444 134 42 rejoined
461 1444 50 31 the
536 1444 85 32 voice
644 1444 68 31 that
728 1444 120 31 seemed
870 1445 58 30 less

109 1507 142 44 youthful
262 1520 7 26 ;
326 1507 54 30 but
403 1505 48 31 I'll
473 1504 53 32 tell
549 1516 59 30 you
631 1504 91 42 what,
740 1517 52 29 my
807 1505 121 40 friends,
