1079 1710
132 74 35 25 44

365 78 84 21 LOVE
473 75 65 22 THE
563 73 163 22 AVENGER.

133 156 116 32 suaded
276 156 22 31 it
324 154 101 32 would
456 153 38 31 be
522 150 53 33 the
603 149 113 33 easiest
741 146 91 41 thing
856 145 30 31 in
911 143 54 32 the

133 217 97 33 world
260 221 30 27 to
315 215 94 32 break
437 214 82 31 loose
547 211 77 32 from
657 210 52 31 the
742 206 141 44 Sphinx;
907 205 58 31 but

133 278 90 32 Avhen
239 277 38 32 he
301 281 54 37 got
370 275 80 32 back
470 274 64 31 into
550 273 56 32 her
621 270 207 42 atmosphere,
846 267 40 32 he
902 265 63 34 had

133 351 40 20 no
198 338 106 41 longer
328 349 60 29 any
404 335 77 32 Avish
508 339 32 27 to
564 333 97 32 break
682 332 84 33 loose
794 331 79 32 from
898 329 65 39 her,

134 401 55 31 but
216 399 94 32 found
336 397 126 32 himself
481 394 216 43 momentarily
721 404 75 31 very
820 391 71 33 Avell
913 390 49 41 off,

133 461 63 32 and
219 459 123 44 quieted
364 459 48 32 his
436 459 111 32 alarms
571 458 41 42 by
628 455 145 42 thinking
790 454 77 40 that,
887 453 78 32 after

135 523 49 40 all,
201 522 104 42 things
327 521 101 42 might
448 532 40 30 go
511 531 38 20 on
570 531 34 20 as
620 519 74 41 they
711 529 90 29 Avere,
821 515 61 33 and
897 515 69 32 that

134 585 75 41 they
239 583 102 32 Avould
371 594 87 20 come
488 587 32 27 to
552 593 39 20 an
624 581 59 32 end
715 580 34 31 of
775 577 190 34 themselves

138 645 162 32 somehoAv.
362 644 49 32 Oh
424 644 7 32 !
470 643 68 32 that
601 642 156 33 somehoAv
769 642 6 32 !
832 639 85 33 what
948 650 18 20 a

137 711 68 37 part
228 706 23 31 it
273 706 88 41 plays
382 705 32 31 in
434 705 52 31 the
508 705 77 31 lives
609 703 33 32 of
664 703 88 32 these
768 702 198 43 purposeless

138 780 71 19 men
223 769 6 30 !

182 830 45 31 As
250 829 97 40 usual,
366 840 54 20 our
442 828 98 32 friend
560 828 132 42 Aspasie
716 839 63 20 Avas
802 827 32 31 in
856 826 111 42 reality

138 891 52 32 the
216 891 129 41 guiding
370 896 61 26 star
459 890 34 32 of
513 890 88 32 these
628 895 62 27 two
718 889 155 32 destinies.
923 889 43 32 So

139 952 73 41 long
249 964 33 20 as
321 952 54 32 she
414 952 50 32 did
501 956 53 28 not
585 956 133 37 attempt
748 956 32 27 to
811 951 73 32 take
915 951 52 31 the

142 1013 143 42 Sphinx's
301 1012 161 43 plaything
478 1012 77 32 from
571 1012 63 40 her,
652 1012 55 33 she
718 1012 88 32 ruled
823 1023 144 31 supreme

141 1084 72 21 over
238 1073 157 41 Claudine,
420 1085 33 20 as
485 1085 73 20 over
590 1073 116 32 Olivier
720 1087 6 27 ;
761 1073 57 32 but
850 1072 119 33 several

333 1140 55 37 put
412 1139 52 27 out
487 1135 42 42 by
552 1134 56 32 her
630 1134 61 32 had
715 1135 113 31 caused
855 1134 56 32 her
936 1139 33 27 to

142 1196 139 42 perceive
304 1196 68 31 that
393 1208 18 19 a
431 1196 134 32 reckless
590 1197 148 30 outbreak
755 1196 102 31 would
874 1208 95 20 ensue

143 1257 25 31 if
180 1257 55 31 she
250 1257 89 31 made
355 1257 53 32 the
425 1258 144 41 slightest
583 1270 90 19 move
691 1258 137 32 toAvards
845 1258 125 32 snatch-

144 1319 52 41 ing
208 1319 39 31 its
258 1319 60 31 doll
331 1319 78 31 from
425 1319 52 32 the
493 1319 106 32 infant.
646 1319 82 32 Mile.
746 1320 143 42 Mourjon
906 1332 65 20 Avas

144 1385 54 26 out
221 1380 33 31 of
274 1380 140 42 patience
437 1380 75 32 with
536 1380 159 41 Claudine,
713 1381 63 31 and
791 1381 131 42 puzzled
939 1393 32 20 as

144 1446 32 27 to
200 1442 71 31 how
293 1442 54 31 she
371 1442 108 31 should
501 1442 73 42 play
589 1442 56 32 her
666 1453 69 21 OAvn
758 1453 101 31 game.
909 1442 62 33 She

145 1503 90 32 could
257 1507 54 27 not
334 1502 42 32 let
399 1502 117 33 Olivier
540 1514 117 30 escape,
685 1503 68 32 that
779 1514 64 21 was
868 1503 82 33 clear
964 1518 7 26 ;
