1079 1710
871 83 33 26 73

213 88 143 22 LIGHTLY
379 90 128 27 LOVING,
531 90 142 21 LIGHTLY
696 89 80 22 LOST.

83 163 55 32 she
154 163 53 33 felt
233 165 118 32 herself
368 166 154 31 esteemed
548 165 122 42 beyond
695 165 54 31 her
774 164 127 40 deserts,

82 226 109 41 placed
213 227 31 31 in
264 239 18 20 a
306 228 130 41 position
452 227 100 32 which
578 228 54 31 she
656 227 51 32 did
731 231 54 28 not
809 226 92 31 know

80 287 71 32 how
167 293 31 27 to
214 289 79 41 keep
309 300 51 30 up.

125 350 113 32 Berthe
266 350 239 43 acknowledged
530 351 142 32 Madame
696 349 203 34 Beaudouin's

81 411 182 42 superiority
277 423 73 21 over
361 412 120 41 herself,
495 413 73 41 long
583 412 101 32 before
701 411 53 33 her
771 422 68 21 own
854 411 45 30 in-

81 471 137 42 feriority
228 472 125 32 became
370 473 122 31 evident
501 477 32 27 to
550 473 142 31 Madame
709 471 188 33 Beaudouin.

263 533 80 32 child
404 533 143 42 repeated
573 545 72 20 over
668 533 60 31 and
751 544 73 20 over
845 532 51 32 the

80 593 98 41 latter,
196 594 59 32 and
279 594 127 42 making
429 594 113 32 Berthe
565 594 37 32 sit
618 594 89 32 down
722 593 104 33 beside
842 593 54 33 her

80 667 39 20 on
142 667 18 20 a
175 655 72 40 sofa,
267 655 52 32 she
346 655 165 32 continued
536 660 32 27 to
589 655 72 32 hold
677 654 54 33 her
746 654 97 33 hands
866 655 30 31 in

78 716 54 31 her
148 728 76 28 own,
241 716 60 31 and
317 721 30 26 to
372 716 93 42 speak
480 716 100 32 words
594 716 33 32 of
645 716 108 32 tender
769 716 127 31 comfort

75 782 32 26 to
134 777 62 41 her,
222 782 31 26 to
279 778 61 31 still
369 777 56 32 her
449 789 113 20 sorrow
594 790 33 19 as
657 778 23 31 it
705 790 89 28 were,
820 790 34 19 as
878 790 18 19 a

74 838 121 32 mother
220 838 73 32 tries
320 843 31 27 to
392 839 62 31 still
484 839 53 31 the
567 839 138 41 wailings
745 840 34 30 of
813 851 81 19 some

72 899 181 32 motherless
279 900 105 32 infant.
432 900 29 31 It
484 900 51 30 did
550 904 53 27 not
619 905 30 26 at
670 900 67 31 first
753 911 89 20 occur
863 905 31 26 to

72 961 143 31 Madame
237 961 179 31 Beaudouin
439 966 30 26 to
485 962 56 30 ask
556 961 116 32 herself
690 961 136 32 whether
842 961 51 32 the

71 1022 242 41 overwhelming
336 1034 114 20 sorrow
472 1034 63 19 was
558 1022 97 42 really
677 1022 110 32 there?
831 1022 61 32 She

71 1082 60 32 had
156 1083 111 41 passed
293 1083 135 41 through
451 1083 55 32 her
522 1095 67 20 own
612 1084 76 41 fiery
704 1083 111 40 ordeal,
832 1083 60 31 and

69 1156 63 19 was
148 1155 70 20 now
235 1143 95 41 living
346 1143 22 32 it
384 1155 72 20 over
472 1144 90 41 again
577 1144 32 31 in
626 1144 127 32 Claire's
768 1144 121 41 misery,

69 1205 61 31 and
160 1205 52 31 the
243 1205 100 41 image
374 1205 34 31 of
434 1205 81 32 their
539 1217 68 20 own
664 1206 124 41 agonies
815 1211 75 26 unto

69 1266 91 32 death
220 1266 71 32 shut
318 1271 52 27 out
385 1266 77 32 from
485 1266 55 32 her
566 1266 99 32 vision
681 1278 60 31 any
756 1266 133 43 possible

66 1327 117 42 picture
200 1327 34 32 of
251 1327 72 42 pain
338 1339 84 20 more
439 1327 94 42 easily
549 1327 143 33 endured.

110 1388 62 33 She
200 1388 60 33 had
283 1389 105 32 drawn
413 1389 142 32 Madame
572 1390 37 31 de
639 1389 160 32 Mottefort
825 1389 63 32 into

64 1450 107 42 telling
194 1450 56 32 her
275 1462 70 20 own
372 1454 82 38 story
471 1450 34 32 of
522 1450 53 32 the
598 1455 78 37 past,
700 1450 142 41 thinking
865 1450 23 31 it

64 1522 62 21 was
151 1510 123 32 kindest
297 1515 32 27 to
360 1510 69 41 give
465 1509 55 33 her
546 1510 51 32 the
632 1509 198 42 opportunity
854 1509 34 31 of
