1079 1710
396 90 63 21 THE
483 91 163 21 PROPOSAL.

878 88 52 24 149

112 165 75 32 seek
210 166 168 42 perfection
394 166 31 33 in
441 167 83 32 what
547 168 38 31 he
609 168 59 41 did,
693 168 60 32 and
775 169 101 31 would
900 180 31 20 so

113 227 189 32 overwhelm
317 227 62 33 this
396 228 203 41 unfortunate,
617 241 33 20 as
665 230 73 41 they
755 230 98 41 styled
869 229 61 41 her,

114 288 76 32 with
202 288 47 33 his
262 289 248 42 condescension,
521 291 67 32 that
601 291 53 32 she
667 292 117 40 should,
801 291 132 33 Semele-

116 348 72 41 like,
206 349 38 32 be
260 351 167 31 consumed
441 351 42 42 by
499 351 53 32 the
567 352 86 32 blaze
670 353 34 31 of
714 352 140 32 radiance
870 357 63 27 cast

115 423 82 29 upon
213 411 64 32 her.

161 473 68 31 The
256 486 77 29 very
357 474 60 41 day
442 474 76 32 after
549 475 195 42 acquainting
774 475 46 32 his
851 475 84 32 niece

117 534 76 31 with
223 534 48 32 his
301 547 68 19 new
399 536 122 41 project,
555 536 52 31 the
644 536 136 41 Marquis
810 536 126 32 decided

119 607 82 30 upon
226 596 165 41 imparting
415 601 31 26 to
471 596 147 31 Claudine
643 596 51 31 the
721 597 132 30 brilliant
878 597 58 30 fate

117 657 48 31 for
189 656 100 32 which
316 656 54 31 she
395 668 63 19 was
480 656 151 40 reserved,
658 657 60 31 and
742 657 195 40 accordingly

118 718 39 31 he
181 717 111 41 sought
314 717 55 31 her
391 717 31 31 in
444 717 52 31 the
520 717 112 42 library
655 718 34 31 of
708 718 51 31 the
783 718 93 31 Hotel
900 718 36 31 de

120 779 174 40 Moranges,
312 779 52 31 the
380 778 146 32 windows
549 779 34 31 of
601 779 98 31 which
724 779 117 41 opened
857 790 81 30 upon

117 851 18 21 a
167 845 216 37 conservatory
410 840 82 31 filled
523 840 75 31 with
628 840 310 41 strongly-perfumed

117 902 111 41 plants.

163 964 63 31 But
248 964 141 30 between
413 974 55 20 our
492 962 118 32 dreams
635 962 60 32 and
717 974 55 20 our
790 967 73 35 acts,
880 962 60 32 and

118 1026 143 30 betAveen
278 1036 56 19 our
350 1028 98 27 surest
472 1023 94 43 hopes
591 1023 60 32 and
674 1023 78 32 their
771 1023 168 39 fulfilment,

118 1086 89 31 there
223 1085 54 31 lies
293 1096 33 20 so
341 1084 78 32 wide
434 1095 19 21 a
469 1083 113 40 chasm,
595 1083 66 32 that
675 1084 41 32 M.
730 1084 36 31 de
778 1084 163 41 Moranges

121 1146 155 33 hesitated
292 1151 32 26 to
341 1146 74 31 take
430 1145 53 32 the
504 1144 111 33 handle
637 1144 34 32 of
688 1144 51 33 the
761 1144 74 33 door
850 1145 30 31 in
895 1145 46 31 his

122 1208 84 32 hand
207 1226 42 4 —
251 1207 47 31 his
321 1207 96 40 heart,
443 1218 53 30 yes
508 1207 6 31 !
539 1206 133 41 actually
695 1205 47 32 his
764 1205 87 32 heart
872 1206 70 31 beat

124 1269 139 41 strongly
275 1282 6 27 ;
306 1268 60 31 and
381 1267 89 32 when
491 1267 41 42 by
549 1267 66 31 dint
637 1266 34 32 of
687 1266 61 32 will
764 1266 37 32 he
819 1265 123 33 entered

124 1331 69 32 that
223 1341 94 28 room,
343 1329 24 30 it
393 1340 62 19 was
482 1340 74 29 Arery
582 1327 92 32 much
704 1339 33 20 as
768 1338 59 30 any
854 1326 88 32 other

124 1391 143 33 humbler
290 1390 83 31 lover
389 1388 110 41 Avould,
516 1388 77 41 who,
618 1392 31 28 at
670 1388 149 42 fifty-five,
843 1386 99 42 might

123 1453 81 33 after
234 1451 41 32 all
301 1451 39 30 be
367 1449 120 31 refused
513 1449 41 42 by
577 1449 52 31 the
654 1449 150 31 low-born
831 1448 54 32 she
912 1453 30 26 to

124 1515 101 31 whom
241 1513 38 32 he
297 1511 112 33 offered
424 1511 47 31 his
486 1510 91 32 hand.
