1079 1710
183 75 33 24 32

415 80 82 20 LOVE
521 80 66 20 THE
610 77 162 22 AVENGER.

183 160 32 28 at
231 156 154 33 Clavreuil
401 157 68 32 that
493 156 52 32 the
572 154 201 43 magnificent
789 153 140 42 Marquis
945 165 63 20 Avas

182 218 92 33 much
290 218 125 41 altered,
431 218 55 31 but
501 217 51 32 the
572 216 86 32 truth
680 215 35 33 of
731 215 54 33 the
808 215 122 32 remark
946 215 62 32 had

183 286 54 26 not
264 281 102 32 struck
392 280 55 32 her
471 279 73 32 then
559 292 6 28 ;
600 279 24 31 it
648 278 52 32 did
727 277 93 33 strike
848 277 55 32 her
927 288 79 21 noAV.

182 343 44 32 M.
241 342 37 32 de
299 342 174 41 Moranges'
491 341 132 32 features
651 352 80 21 were
748 351 180 30 care-worn,
946 339 61 33 and

182 403 72 33 bore
269 408 101 28 traces
386 403 36 32 of
432 403 71 40 pain
519 403 61 32 and
596 403 133 40 anxiety.

225 465 86 31 Aunt
339 464 216 33 Clementine's
581 463 167 44 sympathy
771 463 47 33 for
842 463 41 33 all
910 463 96 43 living

182 530 152 27 creatures
369 537 63 20 AA-as
471 525 83 42 such,
583 526 60 32 and
681 525 55 33 her
763 525 180 43 conception
975 525 34 32 of

181 585 114 33 human
311 586 156 32 weakness
495 598 33 20 so
544 586 193 41 unbounded,
755 586 68 32 that
840 587 53 31 she
909 598 96 20 never

183 646 128 43 stopped
334 651 32 28 to
387 647 118 43 inquire
521 647 82 32 what
627 648 38 31 he
692 660 62 20 was
776 648 69 32 who
863 648 138 41 suffered,

182 707 55 32 but
252 707 68 32 how
335 708 47 31 his
398 708 145 42 suffering
558 709 97 41 might
670 710 38 31 be
725 711 161 39 assuaged.

255 768 32 32 If
305 769 74 32 such
405 781 19 20 a
446 769 62 32 dull
525 770 118 32 fireside
666 783 33 20 as
715 771 81 33 mine
813 772 89 32 could
919 784 81 21 seem

181 828 138 42 pleasant
341 834 31 27 to
505 830 53 32 she
575 832 73 40 said,
696 832 85 33 there
797 833 26 32 is
839 844 19 20 a
874 838 66 28 seat
956 833 44 33 for

180 900 60 31 you
266 889 85 33 there
378 894 32 28 at
436 891 39 32 all
499 891 98 33 times.
643 893 16 30 I
674 905 94 21 never
782 905 40 31 go
839 900 54 27 out
909 894 34 33 of
961 907 39 20 an

223 1010 64 32 The
315 1011 137 43 Marquis
476 1013 180 41 brightened
681 1027 41 31 up
738 1021 32 27 at
786 1016 86 33 these
888 1018 109 41 words,

181 1071 59 31 and
256 1071 50 31 the
322 1076 102 36 sAveet,
440 1072 89 32 frank
546 1074 161 43 simplicity
717 1076 75 32 with
808 1077 100 32 Avhich
924 1078 74 42 they

180 1143 79 20 Avere
272 1132 127 39 uttered,
417 1134 122 31 seemed
554 1139 32 27 to
602 1148 94 20 warm
713 1137 71 33 him.

328 1204 61 30 you
412 1193 30 32 in
655 1197 38 32 he
710 1198 102 33 asked.
983 1202 13 31 I

179 1252 94 40 really
286 1264 85 22 come
387 1255 197 33 sometimes?

251 1314 15 30 I
293 1325 49 21 am
367 1314 113 44 always
504 1316 30 31 in
730 1331 63 21 was
818 1321 55 33 her
900 1325 95 42 reply.

191 1375 6 13 '
210 1374 69 31 You
295 1385 71 31 may
382 1386 84 22 come
483 1381 32 27 at
530 1377 40 32 all
589 1378 89 33 times
692 1393 6 28 ;
722 1392 61 31 you
799 1383 60 31 will
882 1385 115 43 always

178 1435 38 32 be

222 1496 70 33 And
319 1497 42 33 M.
379 1497 36 33 de
443 1499 165 43 Moranges
636 1501 50 33 did
710 1515 40 30 go
778 1504 172 45 frequently
966 1514 31 28 to
