1079 1710
133 78 53 27 236

363 87 82 20 LOVE
469 87 64 20 THE
556 85 161 22 AVENGER.

133 164 173 32 committee
338 165 30 31 in
400 163 263 35 Savre-et-Merle.
717 161 88 32 Then
837 159 39 31 he
908 163 56 38 got

131 226 128 32 another
288 233 72 26 note
390 228 78 32 from
498 226 195 39 Mardonnet,
726 223 70 32 avIio
836 220 126 34 seemed

130 289 209 43 prodigiously
355 289 233 34 well-informed
604 288 35 32 of
658 287 158 31 Avhatever
839 284 39 32 he
896 283 67 33 said

130 362 32 20 or
179 351 59 40 did,
256 353 59 31 and
332 353 30 31 in
378 352 61 32 this
456 352 164 32 document
641 350 38 31 he
697 361 63 19 was
785 347 117 32 certain
919 346 41 32 he

129 411 177 33 discovered
331 413 52 32 the
408 412 216 33 business-like
649 411 79 42 style
754 410 35 31 of
811 409 83 31 Mile,
921 408 40 31 de

128 474 221 42 Mourjonville.
397 476 50 31 He
466 475 101 41 began
593 479 31 26 to
642 484 104 21 waver
771 472 102 42 again,
891 470 62 32 and

129 539 31 27 to
184 535 117 32 discuss
327 536 73 31 with
431 536 130 40 himself,
591 535 61 31 and
682 533 47 33 his
760 532 200 44 perplexities

128 608 79 20 were
234 598 131 32 terrible.
413 599 75 30 Two
513 597 141 32 hundred
677 595 157 33 thousand
856 594 103 32 francs

127 670 63 20 Avas
215 671 18 19 a
256 659 82 41 large
364 671 66 19 sum
445 672 6 28 ;
477 660 68 39 and,
567 671 33 19 as
626 658 24 31 is
675 657 114 41 mostly
805 656 53 31 the
886 667 70 20 case

128 720 73 31 Avith
229 732 69 19 men
323 720 102 33 whose
451 720 160 32 education
636 719 57 32 has
720 730 83 30 upon
830 729 40 20 no
899 729 59 20 one

128 780 95 41 single
240 781 84 41 point
341 781 168 42 developed
533 781 31 31 in
588 781 86 31 them
690 780 52 32 the
759 779 70 32 idea
847 779 35 32 of
902 779 56 32 ab-

128 842 95 31 solute
240 842 93 40 truth,
352 842 22 32 it
390 854 62 20 was
469 842 181 42 alternately
666 842 100 41 larger
783 853 34 21 or
833 842 125 32 smaller

126 908 31 26 to
174 903 46 32 his
236 903 92 40 mind,
346 903 164 42 according
526 915 33 21 as
576 903 63 32 fear
656 915 33 21 or
705 903 69 32 love
791 903 34 32 of
844 914 114 31 money

125 964 126 32 became
267 970 185 37 uppermost.
499 966 102 41 Might
617 965 131 42 Aspasie
766 965 134 42 perhaps
916 966 41 31 be

126 1025 133 42 brought
283 1031 32 26 to
341 1027 67 32 take
434 1028 58 30 less
505 1030 15 29 ?
572 1028 50 31 No
637 1029 6 31 !
669 1027 48 32 his
744 1028 114 31 inmost
885 1040 73 20 con-

127 1087 116 31 science
260 1088 64 31 said
339 1088 87 31 there
443 1101 63 19 was
522 1101 40 20 no
578 1101 85 20 more
680 1090 184 41 bargaining
880 1090 76 32 Avith

126 1148 82 31 Mile.
235 1148 140 42 Mourjon
400 1149 75 31 than
506 1149 74 33 with
606 1151 146 41 Shylock,
786 1151 61 31 and
879 1151 79 41 that,

126 1209 60 31 had
203 1209 53 31 she
273 1210 142 40 specified
431 1222 18 20 a
465 1212 116 31 million
595 1212 34 32 of
641 1212 116 41 ducats,
770 1225 33 20 or
820 1225 17 20 a
853 1214 105 42 pound

126 1270 34 31 of
170 1270 84 40 flesh,
273 1270 54 32 she
343 1272 101 31 would
466 1273 201 43 relentlessly,
686 1275 61 31 and
771 1280 32 27 to
827 1276 53 31 the
897 1276 60 32 last

124 1331 86 40 hour,
226 1332 71 30 hold
313 1336 31 26 to
361 1332 51 31 the
429 1333 90 31 letter
535 1334 35 31 of
581 1334 54 32 her
651 1335 140 41 bargain.

168 1393 98 31 There
283 1404 62 20 Avas
362 1398 32 26 to
422 1394 37 31 be
477 1405 17 20 a
519 1396 137 42 meeting
672 1397 35 31 of
726 1398 53 32 the
797 1399 161 33 Savre-et-

124 1454 96 32 Merle
236 1454 191 32 landowners
444 1460 31 26 at
497 1455 52 33 the
565 1457 68 32 Due
658 1458 36 32 de
712 1460 180 33 Vivienne's
917 1473 40 20 on

123 1515 52 33 the
191 1520 72 27 next
280 1515 59 41 day
356 1515 54 32 but
427 1527 65 29 one,
510 1518 61 31 and
591 1518 116 33 Olivier
721 1532 64 20 Avas
801 1526 32 27 to
850 1523 107 31 attend
