1062 1607
515 41 28 23 15

66 98 128 24 retainers
207 98 29 24 of
251 98 46 24 the
309 99 85 23 Baron
410 98 28 24 of
454 90 178 37 Manchester,
646 98 138 24 doubtless
797 98 122 24 followed
927 98 55 24 him

66 137 27 20 to
106 131 44 25 the
163 132 122 24 crusade.
321 132 59 24 The
393 131 56 25 first
464 132 78 24 blood
557 132 28 24 of
596 131 44 25 the
654 132 61 24 civil
730 140 68 15 wars
811 140 55 15 was
877 131 65 25 shed
956 132 26 24 in

65 165 53 26 this
131 170 78 20 town.
248 165 173 25 Manchester
434 175 55 15 was
502 166 122 31 besieged
639 166 34 31 by
685 165 45 24 the
748 165 124 32 royalists
886 165 96 32 during

65 199 45 26 the
122 199 59 25 civil
193 208 63 20 war,
278 199 47 25 but
347 200 45 24 the
414 200 143 24 assailants
570 199 83 24 under
669 199 74 24 Lord
763 199 123 32 Strange,
905 199 77 24 after-

66 233 85 25 wards
163 233 46 25 the
220 233 113 25 seventh
347 233 65 25 Earl
430 233 28 25 of
475 234 99 30 Derby,
588 242 69 15 were
669 232 131 25 defeated.
838 232 59 25 The
910 236 72 21 town

66 275 52 17 was
138 268 119 31 strongly
268 268 157 30 republican
446 268 25 23 in
485 267 77 24 those
583 267 74 31 days,
679 266 52 25 and
750 266 45 24 the
812 269 71 21 town
898 275 56 16 was
966 275 16 16 a

66 302 77 31 place
163 301 28 23 of
206 301 87 31 refuge
314 301 39 24 for
365 301 45 24 the
425 301 133 24 Puritans.
596 300 167 24 Lancashire
787 299 27 25 in
839 299 45 25 the
909 300 73 24 main

66 335 75 24 sided
153 335 65 24 with
237 335 45 24 the
301 335 169 31 parliament,
491 335 54 24 and
558 335 35 31 by
611 335 46 23 the
675 334 175 24 midsummer
867 333 30 25 of
918 335 63 30 1643

66 369 46 24 the
125 369 131 33 royalists,
270 369 85 24 under
370 369 73 24 Lord
458 369 99 31 Derby,
571 369 53 23 had
646 369 66 23 been
728 368 93 23 driven
835 371 47 20 out
895 367 29 24 of
936 368 46 23 the

67 407 108 28 county,
199 402 52 25 and
276 411 78 24 every
378 402 115 25 fortified
517 402 78 32 place
627 402 26 23 in
684 401 170 24 Lancashire
884 406 97 26 except

69 437 115 24 Lathom
198 445 55 16 was
265 436 26 24 in
310 436 45 25 the
373 435 87 26 hands
473 435 29 25 of
519 436 46 24 the
579 436 134 24 Puritans.
750 435 50 24 Yet
819 435 75 23 there
912 443 69 15 were

67 471 81 24 brave
160 470 89 25 hearts
259 470 27 24 in
295 470 168 25 Manchester
474 470 58 24 that
542 470 61 24 beat
613 469 63 32 high
690 470 25 23 in
734 468 132 24 mistaken
878 468 102 33 loyalty

68 505 39 24 for
126 504 45 25 the
192 505 78 30 King,
292 504 53 25 and
369 504 78 24 when
466 504 27 24 in
518 505 60 29 1651
602 503 45 25 the
668 503 165 24 Parliament
851 501 91 25 issued
965 511 15 15 a

68 539 192 30 proclamation
278 538 103 31 against
401 538 58 24 that
479 537 111 25 Charles
612 538 100 27 Stuart,
738 536 60 24 who
822 544 55 16 was
901 535 77 25 after-

68 572 86 24 wards
169 572 70 31 King
257 572 28 23 of
297 572 133 31 England,
449 572 114 30 Captain
579 571 144 24 Bexwicke
739 570 171 32 indignantly
922 574 58 20 tore

68 606 19 24 it
100 606 57 23 into
178 606 88 31 pieces
280 614 29 15 as
328 606 19 23 it
366 614 56 15 was
441 606 78 31 being
535 605 119 31 publicly
675 605 72 23 read.
784 604 58 24 The
854 604 124 32 Jacobite

68 639 96 33 feeling
176 640 26 23 in
215 639 45 24 the
273 639 104 24 district
391 647 54 16 was
458 643 93 28 strong
563 639 97 32 during
672 639 45 24 the
730 639 74 31 reign
817 637 29 24 of
857 638 120 23 William

70 673 51 24 III.
170 673 29 24 In
227 675 62 30 1694
309 673 76 24 there
406 681 55 16 was
482 682 15 15 a
518 677 75 28 great
617 672 62 25 trial
703 676 26 20 at
755 672 173 24 Manchester
952 672 30 23 of

69 707 164 25 Lancashire
254 707 159 32 gentlemen,
425 707 61 24 who
508 715 68 16 were
596 706 116 33 charged
734 706 65 24 with
821 705 79 31 being
916 714 61 15 con-

68 741 96 25 cerned
176 741 25 23 in
216 750 15 15 a
243 741 56 31 plot
313 740 39 25 for
366 741 125 31 bringing
508 741 69 24 back
590 741 46 24 the
653 740 86 25 exiled
752 740 99 33 James.
888 739 90 25 When

68 775 44 24 the
130 775 85 24 exiled
234 775 106 24 Stuarts
361 775 97 31 sought
476 778 28 21 to
523 775 90 31 regain
634 774 46 25 the
696 774 97 25 throne
811 773 64 32 they
896 773 82 25 found

68 809 92 23 ardent
174 808 129 24 followers
315 808 27 24 in
356 808 181 30 Manchester,
550 809 60 23 who
629 816 66 24 gave
709 816 36 23 up
762 808 71 24 their
845 807 66 25 lives
924 807 54 25 and

68 843 116 23 fortunes
197 842 26 24 in
237 843 130 23 mistaken
381 843 100 31 loyalty
490 846 28 20 to
530 842 46 24 the
587 843 116 24 Stuarts.
739 841 58 25 The
811 845 72 28 story
895 841 28 25 of
933 842 46 24 the

92 876 168 23 Manchester
400 884 21 15 is
435 877 56 22 told
503 876 27 23 in
543 884 49 15 one
605 876 28 23 of
645 876 174 23 Ainsworth's
833 876 100 23 novels.

101 910 58 23 The
173 910 170 24 Manchester
364 909 28 25 of
414 917 62 24 1750
490 918 55 16 was
557 918 16 16 a
585 910 77 32 place
676 918 29 16 so
718 910 121 24 different
852 909 66 24 from
933 909 46 24 the

70 943 168 24 Manchester
251 943 29 24 of
289 943 100 33 to-day,
403 943 58 25 that
474 943 22 24 if
507 953 52 23 any
571 944 168 24 inhabitants
752 943 28 24 of
791 943 45 24 the
847 943 43 24 old
901 943 78 32 place

69 977 75 24 could
158 977 89 24 revisit
259 977 69 24 their
341 977 44 25 old
407 977 78 25 home
504 977 64 32 they
587 978 88 24 would
689 977 116 32 imagine
818 977 161 24 themselves

68 1015 26 20 to
107 1011 32 24 be
152 1011 26 24 in
191 1010 137 32 fairyland.
364 1011 87 25 There
463 1012 50 24 has
525 1012 68 24 been
607 1020 15 16 a
635 1020 57 16 new
706 1011 86 26 earth,
805 1010 21 25 if
833 1015 46 20 not
894 1020 15 15 a
922 1019 58 16 new

67 1045 111 28 heaven,
187 1045 72 24 since
272 1045 58 24 that
343 1044 87 26 far-off
444 1045 61 32 day.
541 1045 59 25 The
610 1048 94 22 streets
717 1053 67 17 were
798 1045 57 28 few,
875 1053 105 16 narrow

68 1078 52 25 and
138 1081 129 22 tortuous.
304 1079 105 24 Market
429 1079 87 24 Street
539 1087 56 16 was
616 1087 15 16 a
653 1079 94 31 quaint
765 1079 44 24 old
829 1079 76 31 alley.
944 1079 38 24 Its

68 1113 96 23 houses
172 1112 28 24 of
203 1113 183 32 overhanging
394 1113 91 32 gables
494 1121 68 16 were
571 1121 29 16 so
608 1114 81 28 close,
697 1113 68 29 that,
775 1113 78 24 when
862 1121 16 15 a
887 1113 95 23 broad-

69 1146 114 24 wheeled
203 1154 111 24 waggon
335 1154 55 16 was
411 1147 130 32 dragging
560 1147 88 32 along,
662 1147 45 24 the
720 1147 153 31 pedestrian
888 1147 54 23 had
955 1150 27 20 to

68 1180 115 24 exercise
196 1180 64 24 both
281 1180 125 32 patience
425 1180 52 24 and
496 1181 139 32 ingenuity
656 1185 27 19 to
706 1180 79 25 avoid
807 1180 175 24 destruction.

68 1213 58 24 The
138 1214 66 32 edge
216 1214 28 24 of
254 1214 45 24 the
312 1218 70 20 town
397 1223 54 15 was
470 1214 113 24 reached
601 1214 61 33 long
675 1214 90 25 before
778 1213 44 25 the
836 1214 50 24 site
899 1214 28 24 of
938 1214 45 24 the

68 1252 106 27 present
188 1247 143 33 infirmary.
367 1248 88 24 There
468 1249 78 23 stood
559 1247 45 25 the
617 1252 83 20 waste
712 1248 64 24 land
789 1248 28 24 in
827 1248 88 24 which
929 1257 55 15 was

68 1281 45 25 the
126 1282 61 31 pool
199 1281 29 25 of
237 1285 83 21 water
332 1281 98 25 known
444 1291 29 15 as
486 1282 45 24 the
545 1282 164 28 Daubholes,
729 1282 115 24 wherein
864 1282 121 31 scolding

68 1323 103 17 women
192 1324 69 16 were
282 1315 113 29 ducked,
420 1316 27 24 in
471 1316 59 24 that
555 1316 195 24 old-fashioned
774 1316 161 24 instrument
960 1316 28 24 of

69 1352 99 21 torture
176 1349 98 25 known
283 1357 29 17 as
321 1350 46 24 the
375 1350 118 31 ducking
502 1350 77 24 stool.
616 1350 90 24 About
716 1350 44 24 the
769 1350 72 30 pond
852 1350 135 24 stretched

68 1390 79 24 green
161 1386 77 26 trees,
252 1383 64 24 with
331 1383 61 24 here
408 1384 52 23 and
473 1384 74 23 there
561 1391 14 16 a
590 1387 115 28 cottage.
742 1384 105 23 Almost
862 1384 125 30 opposite

68 1424 55 16 was
136 1417 45 23 the
193 1417 123 31 pleasant
329 1417 79 23 home
420 1417 29 23 of
459 1417 45 24 the
519 1418 87 23 Lever
624 1417 99 32 family,
744 1425 33 16 an
791 1417 197 24 old-fashioned

68 1451 121 24 mansion
203 1451 28 23 of
246 1451 79 23 white
339 1451 53 23 and
406 1451 87 23 black.
530 1451 126 24 Ardwick
669 1459 55 16 was
744 1459 14 15 a
780 1454 90 28 pretty
891 1451 97 32 village

69 1484 141 31 separated
224 1484 67 25 from
309 1484 171 25 Manchester
504 1484 34 31 by
560 1493 15 15 a
597 1485 61 24 mile
681 1484 28 25 of
728 1484 123 31 pleasant
874 1489 114 26 country
