1079 1710
107 68 51 25 140

337 75 83 21 LOVE
443 76 65 20 THE
530 75 161 21 AVENGER.

105 165 75 21 ance
196 155 60 31 and
282 155 54 31 her
351 153 165 33 husband's
540 153 156 32 Christian
713 164 114 29 mercy,
845 156 53 37 yet
920 151 13 31 I

105 215 70 43 defy
201 228 60 30 you
286 221 32 26 to
344 215 88 32 think
459 215 100 32 better
587 213 34 33 of
640 213 55 33 her
719 213 76 32 than
822 213 34 32 of
881 213 52 32 the

106 277 136 32 dreadful
259 289 120 20 woman
396 277 102 31 whom
515 276 15 31 I
547 287 90 20 mean
652 280 33 27 to

328 338 172 42 responded
518 338 111 40 Claire,
646 349 76 30 very
738 337 108 42 gently
858 351 6 27 ;
919 336 14 32 I

105 412 55 30 say
183 401 88 40 again
298 401 68 32 that
387 401 15 31 I
431 400 38 32 clo
496 404 52 27 not
574 400 90 31 knoAV
686 400 70 31 how
780 405 32 26 to
836 411 97 30 argue

105 462 72 31 with
193 473 69 31 you,
280 462 55 32 but
351 462 14 31 I
386 462 58 32 feel
461 461 111 43 deeply
574 480 42 4 —
619 462 49 39 oh,
693 461 99 40 uncle,
811 461 122 40 indeed,

105 523 14 31 I
135 523 58 32 feel
210 528 31 27 at
256 523 52 32 the
325 535 74 29 very
415 523 117 32 bottom
549 523 35 32 of
597 534 54 30 my
667 523 97 40 heart,
782 523 68 31 that
867 523 22 31 it
906 523 26 31 is

105 596 106 27 Avrong
226 589 30 27 to
273 596 31 20 re
307 596 63 20 Avar
372 584 19 31 cl

364 645 136 42 rejoined
523 645 51 32 the
591 645 142 42 Marquis
745 659 6 27 ;
886 650 47 27 set

104 719 77 30 your
212 708 85 31 mind
323 713 30 26 at
381 720 70 19 ease
479 720 39 18 on
545 708 67 31 that
636 708 87 41 point
734 721 6 27 ;
777 708 37 31 be
847 707 86 42 quite

105 769 116 31 certain
250 769 66 31 that
343 769 189 32 Providence
558 770 60 30 will
643 770 38 31 be
709 781 38 20 on
775 769 52 32 the
862 770 71 31 best

105 830 132 40 possible
264 835 93 26 terms
382 830 74 31 Avith
483 831 144 31 Madame
651 831 28 30 la
702 831 159 41 Marquise
889 831 39 30 de

105 892 175 40 Moranges,
298 891 69 31 who
383 891 61 30 •will
461 891 37 31 do
516 903 17 19 a
549 891 96 31 world
667 891 34 31 of
712 891 81 40 good
817 892 30 30 in
871 891 56 32 her

104 952 109 41 parish.
262 952 61 32 She
339 952 62 30 will
423 957 53 26 uot
491 952 80 31 have
587 952 52 31 the
656 958 99 26 entree
775 952 63 32 into
854 964 79 30 your

105 1014 110 39 salons,
232 1013 55 31 but
312 1013 150 31 cardinals
479 1014 60 30 and
564 1013 209 42 archbishops,
792 1014 61 31 and
876 1014 55 32 the

105 1075 122 41 highest
254 1075 177 41 dignitaries
465 1075 34 32 of
524 1075 53 32 the
607 1075 133 41 Church,
771 1076 61 32 will
861 1077 71 31 boAV

105 1136 90 31 doAvn
211 1136 102 31 before
330 1136 61 39 her,
409 1136 60 32 and
485 1136 58 32 call
558 1136 55 33 her
628 1148 18 21 a
664 1137 80 32 saint
765 1138 168 32 whenever

106 1196 54 31 she
177 1196 133 39 chooses,
327 1196 64 40 rely
407 1208 82 28 upon

318 1257 63 32 said
397 1258 110 40 Claire,
526 1259 76 31 after
618 1271 17 19 a
651 1271 97 30 pause
773 1260 35 32 of
827 1273 18 19 a
869 1261 60 32 feAv

104 1318 134 41 seconds,
263 1330 74 31 very
355 1318 245 44 disconsolately,
661 1322 15 30 I
698 1327 106 27 meant
831 1328 32 27 to
889 1323 41 32 do

106 1379 87 42 good,
212 1379 58 32 and
293 1379 16 32 I
325 1379 78 32 have
428 1380 78 32 done
521 1393 91 21 none.
659 1382 70 32 You
747 1384 60 31 and
823 1384 16 31 I
856 1395 75 21 can-

105 1445 55 27 not
175 1440 123 41 discuss,
323 1439 46 33 for
384 1452 46 20 Ave
454 1441 82 32 don't
562 1444 95 40 speak
681 1445 53 31 the
759 1456 83 21 same
864 1445 67 32 lan-

106 1514 100 30 guage
219 1516 6 26 ;
241 1502 56 31 but
313 1501 60 32 still
388 1501 15 32 I
419 1507 83 27 must
517 1503 116 43 always
651 1517 55 30 say
722 1505 15 31 I
754 1505 58 32 feel
817 1525 38 3 —
857 1518 73 29 nay,
