1079 1710
352 82 69 21 TWO
444 83 38 21 TO
506 83 64 21 THE
593 84 127 20 RESCUE.

889 78 50 26 135

199 157 54 42 My
281 157 71 33 dear
532 160 65 31 said
620 160 47 41 he,
730 159 82 32 what
841 159 100 32 Avould

122 229 62 29 you
200 218 39 32 do
254 223 32 28 to
301 231 103 20 rescue
418 220 68 32 that
502 220 64 41 girl,
581 232 33 20 as
629 233 58 28 you
705 221 57 31 call
777 221 21 31 it
809 223 15 29 ?

169 279 60 33 She
245 280 110 32 looked
377 293 41 30 up
442 286 32 27 at
490 282 64 31 him
570 282 75 31 Avith
662 283 55 30 her
731 282 111 41 bright,
867 294 72 30 pure

123 339 81 41 look,
222 342 60 30 and
298 343 166 39 answered,
467 361 42 4 —

199 400 31 32 If
242 401 53 32 she
311 414 79 20 were
408 403 164 32 elsewhere
598 404 73 30 than
687 403 102 32 Avhere
806 404 53 31 she
874 415 69 19 now

123 461 36 40 is,
177 462 15 31 I
208 463 103 31 would
326 475 40 30 go
382 469 31 26 to
430 464 63 40 her,
506 464 59 31 and
581 465 95 40 speak
686 469 31 26 to
733 464 55 32 her
804 476 33 19 as
854 465 89 30 sister

123 534 73 31 may
213 524 97 42 speak
332 529 32 26 to
388 524 88 32 sister
477 544 43 3 —
520 525 90 31 teach
632 525 54 31 her
709 525 40 31 all
771 526 15 30 I
813 525 88 31 could
901 544 42 3 —

124 584 91 31 teach
231 585 55 31 her
300 585 70 31 how
387 586 53 31 she
464 586 54 31 has
542 586 115 40 sinned,
675 586 61 31 and
758 586 69 31 that
843 586 38 31 all
898 586 44 30 sin

128 657 72 30 may
216 646 37 31 be
277 646 152 32 retrieved
442 660 5 27 ;
471 647 64 39 but,
557 647 96 30 above
670 647 47 39 all,
735 647 80 31 force
838 647 54 31 her
914 651 30 26 to

125 706 59 31 feel
200 707 68 31 that
290 718 53 30 my
359 719 67 19 OAvn
449 707 88 31 heart
561 719 131 19 sorrows
714 707 45 31 for
780 707 55 31 her
857 707 84 39 fault,

123 768 64 30 and
210 768 67 31 that
304 768 54 31 her
380 773 106 26 return
506 772 31 27 to
561 767 53 32 the
642 768 79 41 right
747 768 74 31 road
845 768 99 31 would

126 829 91 30 make
233 840 50 20 me
299 829 111 40 happy.
458 829 16 30 I
489 828 102 31 would
603 833 49 36 try
663 833 31 26 to
710 829 89 30 make
814 828 55 31 her
887 828 57 31 feel

125 890 69 31 that
210 890 53 31 she
282 890 24 31 is
327 889 104 41 really,
455 889 165 41 genuinely
636 889 72 31 dear
722 894 32 26 to
769 901 58 28 me,
845 901 32 19 as
892 901 52 29 my

125 952 92 30 sister
232 951 29 30 in

168 1013 43 30 M.
237 1012 36 31 de
298 1012 163 40 Moranges
487 1010 109 31 looked
616 1010 74 31 with
713 1010 180 31 admiration
910 1013 31 27 at

124 1073 48 31 his
195 1072 147 31 beautiful
366 1071 93 40 niece,
487 1070 103 32 whose
610 1070 98 31 whole
736 1074 205 27 countenance

123 1133 124 42 gloAvecl
263 1132 73 31 with
359 1132 52 31 the
434 1135 106 38 purest
562 1131 59 31 and
642 1135 81 27 most
745 1130 72 41 holy
833 1129 108 33 enthu-

123 1195 102 30 siasm.

200 1255 70 31 You
286 1266 51 20 are
355 1266 18 19 a
388 1257 105 37 sweet,
506 1253 74 31 dear
595 1252 66 42 girl,
819 1252 63 32 said
893 1252 47 39 he,

123 1317 113 32 almost
262 1316 104 41 fondly
381 1329 6 26 ;
445 1315 59 31 and
525 1326 61 30 you
610 1314 38 31 clo
673 1315 80 40 truly
774 1314 68 31 love
866 1326 75 29 your

123 1377 181 42 neighbour,
322 1377 55 32 but
392 1377 94 39 there,
504 1376 73 40 alas,
603 1376 55 31 lies
681 1375 52 32 the
749 1375 98 32 whole
870 1375 67 30 mis-

123 1439 80 32 take.
265 1438 66 32 The
362 1437 99 40 sinful,
493 1449 33 19 as
558 1449 60 29 you
649 1436 59 31 call
739 1436 95 39 them,
871 1446 70 30 may

123 1501 180 33 sometimes
328 1500 38 32 be
393 1499 168 41 impressed
585 1499 40 41 by
651 1502 105 36 strong
776 1496 165 31 individual
