1079 1710
293 98 65 22 THE
381 100 210 20 UNEXPECTED
615 99 134 21 RETURN.

877 93 50 26 185

111 171 50 33 On
192 172 51 33 the
275 174 88 32 other
399 175 72 41 side,
503 176 30 30 in
574 176 52 31 the
657 176 124 41 gallery,
814 173 114 33 several

110 244 130 31 persons
256 247 80 21 Avere
352 236 118 42 talking
488 237 148 41 together,
654 238 55 31 but
726 238 52 31 she
801 236 51 31 did
875 239 53 28 not

112 297 105 30 attend
232 301 32 27 to
281 297 79 32 their
376 299 220 31 conversation.

156 357 159 43 Suddenly
341 371 19 19 a
384 371 73 30 very
481 360 59 32 feAv
569 360 99 32 Avords
699 371 80 21 Avere
810 359 119 32 uttered

112 419 100 32 which
229 421 112 31 caused
357 421 52 31 the
425 432 105 30 young
552 421 154 42 Marquise
722 426 30 27 to
769 426 83 35 start,
870 421 59 31 and

109 484 33 27 to
169 480 90 32 blush
285 481 40 31 all
352 492 81 21 over.
479 481 67 32 The
568 482 99 31 words
688 493 79 20 were
783 481 146 41 insignifi-

111 546 80 34 cant,
209 542 55 31 but
280 542 53 32 the
349 542 86 32 voice
448 543 7 32 !

185 603 58 39 No,
277 603 185 41 Excellency
474 616 6 27 ;
520 603 15 31 I
568 603 88 31 could
691 608 53 26 not
774 608 154 26 accustom

110 664 115 40 myself
242 669 33 26 to
291 664 73 32 that.
411 664 96 31 What
523 664 15 30 I
554 664 61 31 like
631 664 31 30 in
684 664 51 31 the
761 664 114 32 service
905 664 23 31 is

109 724 53 32 the
178 724 158 41 perpetual

153 785 100 32 Those
277 797 78 20 were
371 785 52 32 the
440 785 108 32 words.
595 785 100 32 There
711 796 63 20 was
800 785 127 41 nothing

109 845 31 31 in
156 846 85 31 them
255 859 6 27 ;
286 846 55 31 but
357 846 23 31 it
407 857 63 20 was
487 846 133 32 Victor's
640 846 93 38 voice,
752 846 59 30 and
828 846 99 31 Claire

108 905 137 31 listened.

151 967 38 30 In
204 966 83 40 gruff
298 971 87 26 tones
402 978 63 19 was
482 967 123 39 replied,
609 986 41 2 —

182 1028 71 30 You
264 1027 86 31 don't
361 1027 91 31 know
464 1027 82 31 Avhat
558 1028 104 40 you're
675 1027 115 41 saying.
825 1028 101 31 When

108 1100 19 20 a
151 1100 73 19 man
250 1088 57 31 has
334 1088 137 31 attained
497 1093 32 26 at
555 1100 39 19 an
617 1088 83 41 early
722 1100 64 29 age,
810 1100 33 19 as
866 1100 60 29 you

107 1149 79 32 have
203 1149 89 39 done,
308 1154 32 27 to
358 1149 138 42 superior
522 1149 84 39 rank,
623 1149 39 31 he
688 1161 71 29 may
775 1149 98 42 aspire
895 1154 31 27 to

106 1211 153 43 anything
270 1224 6 27 ;
301 1210 56 32 but
371 1210 39 32 he
424 1215 83 27 must
522 1216 54 26 not
591 1210 88 32 allow
694 1210 124 32 himself
836 1216 31 27 to
888 1211 37 32 be

104 1273 158 41 forgotten
264 1291 42 2 —
308 1271 39 32 he
371 1276 83 27 must
478 1271 77 42 keep
572 1282 34 21 as
625 1271 92 32 much
744 1283 33 20 as
792 1272 132 41 possible

104 1333 108 33 within
239 1333 53 32 the
320 1332 110 43 sphere
454 1332 100 33 where
588 1333 96 32 men's
711 1332 135 33 fortunes
872 1345 53 20 are

103 1395 99 32 made.
250 1394 87 32 Your
352 1393 95 41 place,
466 1393 149 41 Lancour,
634 1394 24 31 is
674 1394 31 31 in

179 1456 75 41 May
362 1466 62 20 was
449 1455 141 42 rejoined,
607 1455 30 31 in
665 1455 133 32 Victor's
820 1455 84 32 voice
916 1469 6 27 ;

134 1519 56 31 but
215 1529 62 30 you
305 1528 59 29 see,
388 1516 158 31 Monsieur
561 1516 28 32 le
606 1516 165 40 Marechal,
789 1516 15 31 I
827 1516 95 42 aspire
