1079 1710
138 72 52 25 154

369 77 83 20 LOVE
475 75 65 21 THE
563 73 160 22 AVENGER.

354 152 171 34 exclaimed
552 151 159 39 Claudine,
741 148 141 42 clasping
911 146 55 33 her

136 218 97 32 hands
249 217 30 32 in
297 217 123 40 delight,
438 214 60 32 and
520 212 156 42 throwing
698 211 118 33 herself
834 209 80 33 back
930 209 31 31 in

136 279 54 30 her
206 278 90 31 chair.

180 340 61 33 She
266 351 63 21 was
360 350 75 30 very
459 337 157 40 beautiful,
646 336 80 40 thus,
753 334 61 33 and
845 334 31 32 in
906 333 53 33 the

137 402 115 31 sudden
268 401 80 42 glow
365 400 34 32 of
417 400 139 42 pleasure
573 398 101 32 which
699 397 110 42 spread
829 396 41 32 all
886 407 75 20 over

135 465 62 39 her,
221 463 134 42 flushing
378 463 54 31 her
455 461 104 40 cheek,
578 460 139 41 kindling
739 460 55 31 her
817 470 65 31 eye,
899 458 62 32 and

134 527 169 40 animating
332 526 55 31 her
414 525 75 31 with
514 536 94 19 Avarm
636 523 91 42 quick
754 522 59 40 life,
846 521 43 33 M.
923 521 38 32 de

135 588 165 41 Moranges
325 586 130 41 thought
479 586 37 31 he
539 585 100 32 seized
660 584 102 42 ample
781 583 133 43 promise
932 583 34 32 of

135 648 51 31 the
204 648 126 31 statue's
347 647 256 32 transformation.

265 710 24 32 is
321 721 18 20 a
369 709 95 42 cheap
501 709 79 31 boon
615 714 31 26 to
680 708 103 32 confer
821 720 82 29 upon
940 720 18 19 a

135 783 109 31 person
275 776 31 27 to
338 771 100 32 whom
470 782 56 21 one
558 770 25 32 is
814 770 65 31 said
906 770 50 39 he,

135 833 179 40 graciously.

209 894 61 30 For
302 894 123 39 certain,
619 893 99 42 urged
749 893 52 31 the
831 892 128 43 Sphinx,

135 955 127 41 timidly,
313 955 157 31 Monsieur
486 955 28 31 le
536 955 138 41 Marquis
697 955 25 31 is
742 959 53 27 not
811 954 147 41 mocking

316 1078 109 31 should
448 1079 15 30 I
487 1079 38 31 clo
660 1079 135 41 rejoined
818 1079 46 31 he.

136 1150 49 20 am
202 1139 66 31 able
284 1144 31 26 to
335 1140 98 31 refuse
445 1153 6 27 ;
477 1140 15 31 I
516 1151 49 20 am
588 1145 32 27 to
645 1140 37 32 be
705 1140 118 32 trusted
840 1140 89 32 when
946 1140 14 31 I

303 1200 59 32 and
385 1200 74 32 with
481 1201 88 32 those
595 1202 100 31 words
722 1202 39 31 he
788 1214 68 19 rose
883 1201 77 32 from

137 1261 47 31 his
201 1266 72 35 seat,
291 1267 81 27 went
387 1267 32 27 to
434 1262 52 32 the
499 1268 227 37 conservatory,
738 1264 60 31 and
810 1264 150 41 gathered

137 1333 18 20 a
170 1322 100 32 bunch
287 1322 33 32 of
332 1323 196 42 stephanotis,
542 1324 99 31 which
665 1324 38 32 he
727 1325 135 41 brought
878 1325 80 32 back

137 1388 30 27 to
183 1383 51 33 the
261 1384 126 41 Sphinx,
403 1384 70 32 who
489 1396 63 20 was
575 1397 71 20 now
669 1386 145 41 standing
837 1387 119 40 staring

137 1449 31 27 at
183 1445 114 31 herself
308 1446 29 30 in
354 1445 50 31 the
421 1446 92 41 glass,
530 1458 34 20 as
580 1447 119 41 though
712 1448 30 31 in
758 1448 54 31 her
829 1448 130 31 childish

133 1506 53 41 joy
201 1510 32 27 to
249 1506 88 31 make
357 1518 68 20 sure
449 1507 67 32 that
531 1508 24 31 it
570 1520 65 20 was
653 1509 55 32 her
731 1521 70 20 own
816 1509 144 33 identical
