1079 1710
884 87 51 26 221

443 94 59 19 TOO
526 94 92 19 DEAR.

117 165 30 31 in
172 166 52 32 the
249 172 72 27 tone
347 168 29 31 in
400 169 101 32 which
526 182 56 20 one
608 170 141 32 comforts
769 182 18 20 a
807 170 80 32 child
907 175 31 26 to

117 227 100 32 whom
244 240 57 21 one
328 230 116 32 refuses
470 231 84 32 what
580 232 24 32 it
623 237 97 27 Avants
735 246 6 27 ;
872 232 66 31 that

117 299 164 22 assurance
297 294 32 28 to
344 303 77 29 your
443 303 67 21 ears
533 304 105 21 means
653 293 68 32 that
736 293 16 32 I
769 305 48 20 am
833 304 105 21 conse-

119 350 127 43 quently
272 357 33 26 at
328 352 108 42 liberty
466 359 32 26 to
529 354 106 32 attend
664 359 32 27 to
725 366 70 30 you.
850 354 88 40 Noav,

120 411 83 32 what
218 412 26 31 is
259 412 24 32 it
299 425 61 27 you
375 420 83 26 want
475 415 33 31 of
518 426 49 20 me
578 416 14 31 ?

165 473 116 32 Olivier
306 475 87 40 tried,
420 476 46 31 for
493 476 157 42 decency's
676 476 81 40 sake,
774 482 32 26 to
830 488 113 31 appear

121 538 31 27 to
168 535 104 31 attach
293 536 149 32 sufficient
457 536 187 42 importance
664 542 31 26 to
715 537 53 32 the
790 538 150 31 condition

122 596 35 31 of
174 597 53 32 the
250 609 76 30 poor
349 598 132 40 sufferer,
499 598 77 40 Avho,
596 610 33 20 as
647 598 45 32 far
713 610 33 20 as
769 598 55 32 her
839 599 104 31 know-

122 657 89 42 ledge
228 658 35 31 of
282 658 139 32 affection
443 663 90 35 went,
552 658 60 32 had
633 658 93 42 given
749 658 63 32 him
828 659 40 31 all
890 658 51 33 she

122 719 171 41 possessed,
333 719 60 31 and
428 725 53 26 not
516 725 32 26 to
586 731 83 20 seem
702 720 31 31 in
768 719 51 32 the
851 720 92 42 dying

122 781 148 31 woman's
293 780 95 32 house
410 785 31 27 to
464 780 78 32 have
565 792 40 20 no
628 792 138 30 memory
780 781 46 32 for
849 781 95 41 aught

125 852 72 21 save
213 841 47 32 his
285 853 67 20 own
376 853 144 20 concerns
536 855 5 26 ;
565 841 56 32 but
643 841 39 32 he
705 853 72 28 Avas,
796 841 30 32 in
848 842 93 40 truth,

123 902 72 32 wild
222 902 72 32 with
321 902 124 42 anxiety
460 907 32 27 to
514 901 113 33 broach
648 901 53 33 the
725 902 116 41 subject
863 914 81 30 upon

125 964 100 30 which
240 964 39 30 he
296 976 94 18 came.

200 1025 16 31 I
247 1024 80 32 have
356 1036 39 20 no
426 1024 74 32 time
531 1028 32 28 to
599 1035 97 31 spare,
727 1024 157 32 Monsieur
918 1024 27 32 le

321 1085 149 31 observed
492 1085 130 42 Aspasie
636 1099 6 26 ;
699 1085 37 31 be
758 1097 33 19 so
815 1085 81 41 good
912 1097 33 19 as

126 1151 31 27 to
173 1146 52 32 tell
240 1158 50 19 me
305 1145 85 32 what
412 1146 16 31 I
452 1157 56 20 can
531 1146 38 31 do
592 1152 31 25 to
647 1157 86 20 serve
755 1158 69 30 you.
871 1147 74 30 Rest

128 1208 127 32 assured
270 1207 67 31 that
353 1219 54 20 our
423 1207 158 42 charming
604 1207 96 31 friend
720 1207 61 31 will
802 1207 37 31 be
863 1207 82 42 quite

128 1269 70 30 well
214 1269 30 30 in
260 1281 18 18 a
294 1268 87 31 week
398 1280 33 19 or

171 1332 46 30 As
241 1330 53 31 she
318 1329 119 31 uttered
460 1329 85 31 these
569 1329 108 41 words,
702 1329 54 31 her
778 1329 41 42 lip
843 1329 102 32 curled

128 1392 76 32 with
219 1391 142 31 ineffable
379 1390 126 40 disdain,
522 1390 88 31 Avhile
635 1390 53 32 she
713 1396 65 26 cast
793 1403 18 19 a
826 1391 70 31 look
915 1397 30 25 at

127 1453 116 34 Olivier
258 1452 100 31 which
373 1451 38 32 he
428 1452 51 30 dicl
493 1456 53 26 not
561 1452 147 39 perceive.

201 1514 93 38 Well,
312 1513 49 31 I'll
384 1512 53 32 tell
561 1512 39 32 he
618 1513 109 39 began.
806 1513 15 31 I
844 1524 49 21 am
913 1514 30 31 in
