1079 1710
280 100 64 21 THE
368 101 101 20 NIGHT
492 101 38 20 OF
553 102 84 19 THAT
661 102 73 19 DAY.

861 96 53 25 265

170 176 81 32 Poor
407 178 38 32 he
469 179 152 31 muttered
632 192 6 27 ;
757 178 6 31 !
767 196 41 4 —
812 176 38 32 oh
866 188 48 28 no,

93 248 77 31 poor
195 238 59 42 girl
267 240 6 30 !
313 239 15 31 I
359 240 186 31 understand
575 240 23 31 it
629 240 39 31 all
698 239 112 41 clearly
821 252 7 27 ;
860 238 54 31 but

94 299 116 32 there's
230 312 41 19 no
292 300 72 32 time
386 306 31 26 to
437 302 53 31 tell
502 315 6 26 ;
534 301 52 32 she
602 313 64 19 was
688 306 32 26 to
740 301 79 31 have
838 300 76 31 been

94 360 52 32 the
162 360 105 32 victim
271 380 39 5 —
314 362 53 31 she
501 363 39 30 he
562 362 170 40 reiterated,
751 374 32 19 as
798 361 116 42 though

94 423 140 40 wanting
248 427 32 27 to
296 423 100 32 clutch
412 424 112 41 tightly
536 424 54 31 the
603 435 88 20 sense
705 424 33 31 of
748 423 47 31 his
806 423 108 38 words,

127 483 72 41 only
215 484 15 31 I
246 484 119 32 instead
367 504 42 2 —
410 484 15 31 I
442 484 97 32 drank

140 544 102 33 Claire
257 545 41 32 let
314 545 55 32 her
384 545 80 32 head
480 545 93 42 droop
585 556 83 31 upon
684 545 54 31 her
750 544 166 32 husband's

97 605 145 32 shoulder
258 606 60 31 and
338 606 53 32 hid
413 606 55 33 her
489 606 74 33 face.
610 606 50 32 He
682 606 122 31 seemed
823 610 33 26 to
877 605 39 31 be

96 667 141 42 uneasily
274 667 174 42 struggling
486 668 119 41 against
644 667 173 40 something
851 666 65 31 that

96 729 215 39 overpowered
326 728 74 32 him.

172 788 50 33 No
246 789 129 42 inquiry,
549 788 38 32 he
611 788 161 39 muttered,
828 799 88 20 none.

96 849 56 43 My
167 849 120 33 mother
309 855 83 27 must
415 850 71 42 give
509 849 39 33 all
570 849 56 32 her
646 860 110 30 money
772 849 102 31 rather
875 867 41 4 —

96 910 39 31 all
147 923 7 27 ;
186 910 55 32 tell
265 911 107 32 Victor
396 910 108 33 that—
507 910 61 32 and
592 910 98 31 Henri
692 929 41 3 —
736 910 70 31 shut
830 910 21 31 it
876 910 40 31 all

96 983 42 30 up
141 990 40 4 —
182 971 72 32 hide
275 972 22 31 it
298 991 39 3 —
341 984 40 19 no
529 971 60 32 and
603 971 82 39 then,
703 970 157 42 suddenly,
878 970 38 32 he

96 1031 90 32 made
203 1043 18 20 a
237 1031 159 42 desperate
419 1032 84 31 effort
525 1037 32 26 to
578 1031 76 32 raise
678 1031 47 31 his
748 1031 86 37 head,
858 1031 58 31 and

94 1097 33 27 to
149 1092 81 32 force
251 1104 18 20 a
293 1092 71 32 look
386 1092 78 32 from
485 1092 96 31 under
602 1091 49 32 his
670 1092 100 41 heavy
790 1091 124 42 eyelids,

95 1166 35 20 as
145 1153 39 33 he
201 1153 74 39 said,
324 1153 72 32 And
409 1154 119 32 Gaston
541 1154 6 32 !

140 1215 103 32 Claire
257 1214 90 32 could
361 1219 54 27 not
431 1215 100 31 divine
547 1214 46 32 his
609 1214 150 42 meaning,
773 1214 46 32 for
830 1213 86 33 there

95 1289 65 20 was
176 1289 39 19 an
231 1276 221 32 indescribable
469 1276 177 42 expression
662 1275 34 32 of
712 1280 95 27 terror
823 1275 30 31 in
869 1275 47 32 his

95 1339 125 40 glazing
236 1350 64 29 eye.

347 1399 38 31 he
410 1398 152 43 repeated,
615 1403 53 27 not
689 1398 62 31 him
753 1417 42 4 —
795 1398 78 31 bum
875 1417 41 3 —

95 1462 79 31 burn

138 1522 100 34 Claire
255 1521 105 40 vainly
377 1520 111 41 sought
503 1520 48 32 for
565 1520 53 31 the
634 1524 126 37 purport
780 1519 33 31 of
830 1518 86 32 these
