1079 1710
154 91 53 26 278

385 98 83 19 LOVE
491 96 65 21 THE
580 94 163 22 AVENGER.

148 174 115 42 having
293 176 77 31 been
398 186 58 21 one
481 174 45 32 bit
550 173 54 32 the
630 172 98 31 Aviser.
778 169 76 32 And
881 180 43 29 so,
952 168 31 31 in

147 236 117 42 reality,
297 237 23 32 it
347 248 72 21 Avas.
467 236 118 40 Things
613 234 51 32 did
691 232 53 32 fall
774 236 53 28 out
854 231 66 42 just
950 242 35 20 as

147 298 158 32 Monsieur
320 298 170 43 Theophile
515 297 61 32 had
593 297 65 31 said
670 309 7 27 ;
702 296 56 31 but
783 293 201 44 punishment

147 371 84 20 came
248 359 40 32 all
304 359 53 32 the
376 370 94 28 same,
489 358 72 40 only
578 369 88 21 came
681 356 94 32 much
792 355 84 32 later.

189 421 102 31 When
308 420 115 32 Olivier
446 431 87 21 came
559 419 35 32 of
616 430 68 31 age,
709 418 40 32 he
777 416 138 33 satisfied
941 414 40 33 all

143 482 211 32 Mardonnets
374 482 105 31 claims
481 500 44 4 —
525 480 102 32 which
650 492 81 20 were
757 479 176 33 exorbitant
936 497 43 3 —

142 544 61 31 and
219 544 38 31 he
272 543 138 33 received
426 543 31 31 in
473 543 160 41 exchange
652 542 41 31 all
709 541 53 32 the
779 551 114 33 papers
912 539 63 33 and

142 605 179 31 documents
342 605 133 40 relating
500 609 31 26 to
559 604 53 31 the
641 615 114 30 money
773 601 205 33 transactions

143 665 34 31 of
195 665 47 32 his
259 666 83 41 early
358 666 105 41 youth.
511 665 100 32 These
640 665 66 31 said
731 664 184 32 documents
938 662 40 33 he

143 727 92 31 burnt
257 727 31 31 in
305 728 157 31 Monsieur
479 727 195 42 Theophile's
700 726 93 42 study
810 726 96 32 about
931 726 49 32 six

144 788 100 31 weeks
261 788 78 31 after
355 788 158 31 Monsieur
524 788 170 42 Theophile
711 788 62 31 had
789 788 95 32 taken
901 792 77 27 unto

143 849 124 31 himself
289 849 52 31 the
368 849 102 41 lovely
488 849 129 32 Camille
641 860 34 21 as
700 860 18 21 a
734 849 78 40 wife,
830 849 62 32 and
916 849 62 32 had

142 910 155 32 furnished
324 910 46 32 for
395 910 126 32 himself
543 921 18 21 a
589 910 98 33 home.
737 910 116 33 Olivier
880 922 96 21 never

142 971 51 33 did
219 983 89 21 recur
334 976 32 28 to
393 971 63 33 this
483 976 93 28 event
597 972 31 32 in
646 972 142 43 thought,
807 973 64 41 but,
889 973 27 31 if
937 973 42 32 he

141 1034 60 31 had
225 1034 78 31 done
330 1045 42 29 so,
390 1033 39 32 he
446 1034 101 31 Avould
572 1035 80 31 have
675 1035 65 31 told
766 1046 62 30 you
850 1035 39 32 he
912 1047 64 20 saw

141 1094 113 42 clearly
273 1095 102 31 before
402 1095 49 31 his
474 1107 74 30 eyes
568 1096 54 32 the
639 1096 215 32 Avhereabouts
871 1096 34 32 of
923 1096 55 32 the

142 1166 89 20 scene
246 1168 11 27 ;.
292 1155 53 31 the
376 1155 136 42 delivery
545 1156 33 31 of
605 1156 53 32 the
688 1168 113 30 papers
832 1157 61 32 and
924 1158 53 32 the

143 1216 140 40 burning.
331 1216 72 31 And
429 1216 141 32 Olivier's
599 1218 178 32 conscience
803 1230 62 21 was
891 1219 85 42 quite

142 1281 32 27 at
197 1281 61 26 rest
271 1290 5 26 ;
302 1276 38 31 he
365 1276 62 32 had
453 1289 95 20 never
574 1279 92 32 failed
694 1280 31 31 in
748 1280 120 32 honour
879 1295 7 27 ;
910 1293 67 21 was

142 1337 38 31 all
196 1337 67 31 that
286 1349 18 19 a
319 1337 168 41 high-born
512 1340 178 39 gentleman
715 1341 111 33 should
848 1342 46 42 be,
914 1344 61 32 and

142 1398 94 42 ready
265 1403 32 26 to
328 1398 89 41 fight,
446 1411 40 19 no
517 1406 113 27 matter
661 1402 112 41 whom,
806 1415 84 31 upon
920 1405 56 33 the

144 1459 141 40 slightest
300 1459 208 40 provocation.

184 1520 70 40 Yet,
272 1519 45 32 for
345 1519 40 32 all
412 1519 78 41 that,
517 1521 144 33 Nemesis
687 1534 62 21 Avas
775 1524 86 32 there
873 1539 7 24 ;
913 1527 61 30 and
