1079 1710
381 412 207 31 CHAPTER
612 412 54 31 IX.

336 511 68 20 TWO
429 511 38 20 TO
491 511 66 20 THE
581 510 130 21 RESCUE.

153 590 46 32 To
249 589 130 32 Claire's
428 592 88 37 great
566 587 274 42 disappointment,
886 585 52 31 the

111 651 154 40 Dowager
281 649 51 32 dicl
352 653 55 27 not
427 648 77 32 fulfil
525 648 55 31 her
602 647 135 42 promise
762 647 35 31 of
817 646 121 42 coming

109 717 34 27 to
158 712 56 31 her
229 711 68 32 that
314 710 139 41 evening,
470 710 121 31 neither
608 709 50 32 did
682 709 54 32 she
757 709 105 41 assign
878 720 60 29 any

110 785 109 20 reason
243 772 45 32 for
311 773 55 30 hot
393 771 131 41 coming.
572 771 67 32 The
655 782 107 31 young
782 771 156 41 Marquise

111 833 187 43 despatched
314 845 18 20 a
348 833 60 32 line
424 837 32 28 to
466 832 54 33 her
534 832 84 42 early
630 832 53 33 the
695 837 75 27 next
785 831 153 42 morning,

111 895 177 41 reminding
311 895 56 31 her
387 894 68 32 that
479 894 53 31 she
556 894 200 42 particularly
773 893 118 32 desired
907 898 31 27 to

112 970 51 20 see
178 958 55 31 her
245 970 7 27 ;
276 957 61 31 and
353 956 51 31 the
420 968 120 19 answer
563 956 134 41 brought
713 968 72 28 was,
803 956 67 31 that
884 955 54 32 the

111 1019 155 41 Marquise
298 1019 153 39 Dowager
481 1018 61 31 had
572 1018 79 32 been
678 1018 178 42 prevented,
885 1018 53 31 the

111 1080 87 41 night
221 1079 115 40 before,
365 1079 77 31 from
470 1080 94 40 going
591 1084 55 27 out
669 1080 42 41 by
736 1080 104 31 illness
851 1093 6 27 ;
882 1080 56 31 but

110 1141 67 31 that
203 1140 52 31 she
282 1139 101 31 would
414 1139 38 30 be
479 1138 75 32 with
581 1140 55 31 her
664 1140 274 41 daughter-in-law

111 1200 205 39 immediately
333 1199 77 31 after
426 1199 163 33 breakfast.

153 1261 66 31 The
250 1260 153 40 Dowager
434 1260 202 41 indisposed?
687 1262 93 42 Why,
814 1263 75 32 such
922 1274 16 21 a

111 1323 88 40 thing
215 1321 61 31 had
300 1332 93 19 never
414 1321 78 30 been
508 1321 95 32 heard
619 1323 46 32 of!
713 1323 30 32 It
759 1336 63 20 was
838 1329 54 27 not
907 1325 31 31 in

112 1384 51 32 the
179 1382 109 41 family
304 1382 114 40 annals,
437 1383 59 30 and
513 1383 100 32 Claire
629 1395 63 21 was
716 1385 135 42 plunged
874 1386 64 31 into

111 1456 39 20 an
166 1443 227 32 astonishment
403 1443 165 42 bordering
580 1456 39 20 on
630 1446 212 42 stupefaction,
856 1458 82 31 upon

112 1506 51 31 the
180 1510 247 27 announcement
443 1505 33 31 of
494 1505 52 31 the
562 1505 69 32 fact.
