1079 1710
285 91 22 20 A
331 91 118 22 SINNER
472 93 61 20 BUT
556 93 42 20 NO
622 93 99 20 SAINT.

871 87 34 24 43

88 165 43 32 M.
149 165 28 32 le
192 166 105 41 Maire,
316 168 61 31 and
392 170 42 31 M.
452 169 28 32 le
496 169 90 40 Cure,
602 169 31 31 in
655 169 52 32 the
730 169 133 32 exercise
880 169 32 31 of

88 227 79 32 their
178 227 162 32 functions.

445 292 82 31 cried
561 292 51 31 the
650 291 147 41 Marquis,

88 360 61 31 you
179 361 90 20 mean
299 355 30 27 to
361 363 55 30 say
445 352 67 32 that
536 353 120 31 Nesves
682 352 100 32 would
806 363 100 30 marry

166 473 48 32 Oh
225 475 6 31 !
258 486 52 30 my
337 475 72 31 dear
434 475 97 39 uncle,
549 475 15 30 I
592 474 96 31 didn't
715 486 54 29 say
792 474 67 31 that
870 475 6 31 !

91 533 61 32 had
174 535 78 32 been
275 536 209 31 Beauvoisin's
507 536 93 40 reply.
680 536 14 29 I
717 536 71 40 only
804 535 65 31 said
884 535 22 30 it

91 607 64 20 was
172 597 81 40 quite
280 608 18 20 a
320 597 155 41 club-joke
499 608 38 20 on
561 601 128 27 account
712 596 34 31 of
765 596 141 31 Madame

91 658 175 31 Claudine's
290 658 130 31 conduct
436 658 92 40 being
550 669 33 20 so
607 669 76 29 very
857 657 49 42 (lie

89 718 97 32 called
212 718 53 32 her
290 718 142 32 Madame
463 730 38 20 on
532 718 87 32 these
650 718 165 39 occasions,
847 718 59 31 and

83 779 133 40 thought
231 779 68 32 that
314 790 19 21 a
348 779 102 32 stroke
467 779 33 32 of
512 779 121 40 policy).

128 840 74 32 And
232 840 59 32 still
322 841 41 32 M.
405 840 36 33 de
478 841 164 41 Moranges
680 840 135 32 doubted
845 840 59 32 and

85 901 104 32 feared
190 920 42 3 —
232 901 39 32 he
286 901 90 32 kneAV
390 906 54 27 not
459 901 93 33 what.
598 901 51 31 He
666 912 61 20 Avas
749 901 108 31 misled
873 912 31 20 as

85 967 32 26 to
133 961 52 33 the
201 973 80 29 man,
299 966 55 28 not
369 973 33 21 as
426 966 31 27 to
481 961 53 33 the
550 961 95 42 thing,
664 961 60 32 and
746 961 52 32 the
821 961 83 31 truth

84 1022 61 32 had
169 1022 46 32 hit
239 1022 72 41 him,
329 1022 61 32 and
416 1022 45 32 hit
484 1022 62 31 him
570 1022 84 31 hard.
701 1021 65 32 The
787 1020 117 42 magni-

84 1083 92 33 ficent
202 1083 139 43 Marquis
366 1095 64 20 Avas
456 1083 56 32 full
539 1083 34 32 of
594 1083 131 42 anxiety,
754 1083 60 31 and
843 1083 61 30 had

84 1145 60 30 lost
161 1145 47 30 his
224 1145 78 30 faith
317 1145 30 30 in
363 1144 129 31 himself.

126 1206 43 31 M.
194 1205 37 32 de
255 1205 196 40 Beauvoisin,
468 1205 61 32 like
554 1205 40 32 all
616 1204 96 41 weak,
735 1204 169 32 undecided

83 1272 133 35 natures,
242 1279 63 20 was
329 1267 47 32 for
398 1278 73 20 ever
501 1266 163 42 internally
688 1265 214 43 complaining,

83 1329 97 31 either
196 1328 34 32 of
251 1328 47 32 his
323 1328 60 31 bad
403 1328 80 40 luck,
510 1339 34 20 as
571 1327 38 32 he
634 1327 97 32 called
754 1326 34 40 it,
815 1338 33 20 or
875 1326 31 31 of

82 1390 194 41 somebody's
292 1389 60 32 bad
368 1389 167 32 behaviour
550 1393 32 27 to
599 1388 70 32 him.
705 1388 50 32 He
771 1386 135 42 thought

81 1451 127 32 himself
228 1463 33 19 so
288 1450 111 42 hardly
423 1450 83 31 dealt
529 1450 42 41 by
584 1451 6 30 !
648 1448 102 32 When
775 1447 38 33 he
840 1458 63 20 was

80 1525 89 28 away
188 1513 25 31 it
239 1524 63 20 was
327 1512 41 31 all
392 1524 75 29 very
494 1511 78 40 well,
601 1510 60 31 and
688 1510 38 31 he
749 1520 62 20 was
834 1519 69 31 per-
