1079 1710
101 69 51 25 172

346 76 81 21 LOVE
451 76 64 21 THE
539 76 162 21 AVENGER.

99 165 50 20 me
171 154 72 32 read
274 154 23 32 it
323 159 32 27 to
502 153 60 32 and
587 153 55 31 she
674 151 159 33 forthwith
857 161 70 31 pro-

99 216 112 32 ceeded
226 221 33 27 to
275 216 73 32 read
364 215 83 32 Avhat
473 215 107 33 Victor
600 214 63 33 had
684 214 124 32 written
824 218 32 27 to
880 212 47 32 his

99 279 95 31 uncle.
254 279 31 30 It
321 289 65 20 was
425 289 19 19 a
484 277 94 41 short,
611 277 89 42 pithy
731 280 131 28 account
863 294 43 3 —
908 286 18 20 a

97 340 187 41 thoroughly
311 339 135 42 military
469 339 129 31 bulletin
626 339 35 31 of
679 338 83 31 Avhat
785 337 63 32 had
876 348 51 20 oc-

98 401 117 32 curred.
263 402 51 31 He
345 401 60 32 had
431 401 77 32 been
540 400 54 32 left
624 400 46 32 for
701 400 79 32 dead
808 411 39 20 on
872 398 54 32 the

96 463 70 32 field
182 463 35 32 of
236 463 103 40 battle,
358 463 59 32 had
433 463 112 43 passed
569 463 48 32 six
633 463 104 32 weeks
753 474 20 20 a
787 461 138 42 prisoner

95 535 115 32 among
233 524 52 33 the
310 524 147 43 Kabyles,
486 524 72 33 who
589 524 93 32 cured
713 524 46 32 his
785 523 138 39 Avounds,

95 585 60 32 and
171 586 73 31 took
269 586 150 32 excellent
436 598 68 20 care
532 586 35 32 of
589 586 73 41 him,
688 585 60 32 and
764 585 91 32 when
871 585 52 32 the

94 647 60 31 fort
184 659 63 19 was
278 647 144 41 stormed,
438 663 4 4 ■
454 647 38 32 he
524 647 61 32 had
616 647 112 42 helped
767 651 33 27 to
831 646 91 32 make

94 709 99 31 better
208 714 94 26 terms
329 709 46 31 for
391 708 54 32 the
462 709 104 32 chiefs.
614 709 50 31 He
681 709 61 31 had
758 709 79 31 been
854 713 69 27 sent

94 771 40 41 by
150 771 52 31 the
220 771 195 32 commander
431 771 34 32 of
484 771 59 31 this
567 771 59 32 last
643 771 168 32 successful
828 783 94 30 expe-

94 831 94 32 dition
211 832 91 31 down
327 837 32 26 to
386 832 124 41 Algiers
542 833 138 40 straight,
711 833 61 31 and
795 833 38 31 he
856 844 65 20 was

94 891 97 32 under
215 892 104 31 orders
343 896 32 27 to
403 897 77 26 start
502 892 46 31 for
564 892 88 32 Paris
668 893 30 30 in
714 905 19 19 a
748 893 58 31 feAv
834 893 84 41 days.

93 952 65 31 The
174 952 91 32 letter
280 964 63 20 was
360 964 19 20 a
394 965 83 20 mere
493 958 113 37 report,
624 954 163 31 contained
803 965 35 21 as
861 954 59 32 few

94 1014 99 30 Avords
210 1026 33 19 as
259 1014 141 41 possible,
418 1015 62 32 and
502 1020 54 27 not
584 1026 56 21 one
668 1015 97 42 single
788 1015 129 33 allusion

93 1078 31 27 to
142 1074 59 31 self
211 1074 67 32 that
294 1087 64 20 Avas
374 1081 53 26 not
444 1076 118 41 strictly
578 1088 173 29 necessary.

137 1135 102 32 While
269 1136 144 32 Madame
438 1137 37 31 de
507 1137 157 33 Clavreuil
696 1150 64 20 was
790 1139 131 36 reading

94 1196 54 33 her
162 1197 157 42 nephew's
335 1197 134 41 missive,
484 1199 99 31 Claire
596 1212 64 19 was
674 1201 120 41 staring
806 1202 115 42 fixedly

94 1263 32 27 at
141 1258 114 31 certain
272 1258 115 42 objects
415 1259 100 32 which
540 1261 132 32 recalled
697 1267 32 27 to
756 1263 56 32 her
835 1264 86 32 mind

93 1319 112 42 painful
232 1319 147 42 thoughts
405 1320 34 32 of
457 1320 51 32 the
534 1327 78 36 past.
657 1324 109 41 There,
792 1325 31 32 in
854 1325 67 32 that

94 1392 73 31 very
183 1392 93 28 room,
302 1380 24 33 it
357 1392 63 21 Avas
447 1381 76 41 that,
552 1386 62 30 two
641 1396 90 30 years
759 1386 87 40 back,
865 1386 54 32 she

94 1442 60 31 had
177 1441 147 43 implored
346 1441 55 32 her
417 1443 120 31 mother
552 1449 32 26 to
608 1446 72 32 take
697 1446 66 42 pity
786 1459 40 20 on
843 1447 56 32 her
911 1461 6 27 ;

94 1503 94 41 there,
205 1503 42 42 by
261 1502 53 32 the
334 1503 164 42 fire-place,
517 1517 72 28 Avas,
603 1518 78 21 even
693 1519 79 27 noAV,
790 1508 51 32 the
858 1508 60 32 low
