1062 1607
506 56 30 24 25

492 790 49 15 1821.

89 833 59 25 One
160 834 108 24 dweller
280 836 27 22 in
322 835 53 24 Old
389 836 123 31 Millgate
530 843 56 16 was
605 835 46 24 the
670 836 65 23 Rev.
747 835 103 34 Joshua
865 833 113 28 Brooks,

57 866 71 25 M.A.
134 886 5 10 ,
149 868 46 24 the
208 869 134 24 eccentric
362 869 136 31 Chaplain
518 868 28 25 of
566 869 46 24 the
633 869 52 24 Old
706 869 119 28 Church,
843 868 61 24 who
923 868 54 24 had

56 902 123 28 married,
193 902 134 32 baptised,
348 903 54 24 and
420 897 96 30 buried
535 910 73 17 more
626 903 97 31 people
741 903 67 23 than
829 910 54 24 any
902 902 77 23 other

56 935 162 32 clergyman.
268 936 52 24 His
350 936 97 29 father,
479 944 34 16 an
544 936 44 25 old
618 936 168 29 shoemaker,
817 936 161 24 nicknamed

85 968 113 25 Pontius
336 978 56 17 was
404 970 111 32 terribly
530 970 121 32 crippled
666 970 53 25 and
734 969 146 25 deformed.
927 969 52 23 His

56 1002 82 25 knees
150 1011 69 17 were
237 1003 77 32 rigid,
334 1004 53 24 and
410 1004 42 25 his
473 1004 57 32 legs
552 1004 117 25 doubled
690 1003 167 29 backwards,
877 1011 28 16 so
919 1002 60 25 that

56 1035 76 25 when
146 1037 34 24 he
192 1038 78 24 stood
284 1038 110 31 upright
408 1038 33 24 he
455 1046 56 17 was
524 1046 35 17 on
574 1038 42 24 his
629 1037 91 30 knees,
734 1038 88 24 which
839 1046 68 15 were
921 1045 57 23 pro-

56 1070 88 25 tected
159 1071 34 32 by
205 1075 75 28 great
293 1065 122 31 leathern
426 1072 116 29 sockets,
551 1072 89 24 whilst
651 1072 45 24 the
709 1075 58 21 toes
778 1071 29 25 of
814 1071 41 25 his
864 1070 115 26 buckled

56 1103 78 25 shoes
146 1112 69 17 were
227 1106 120 31 guarded
363 1106 34 32 b}'
409 1106 88 31 plates
513 1105 30 25 of
553 1106 87 24 brass.
677 1106 44 23 He
737 1105 133 32 managed
889 1108 27 21 to
935 1108 44 28 get

57 1137 80 32 along
156 1139 35 31 by
209 1140 45 23 the
273 1139 63 32 help
361 1140 29 23 of
407 1140 75 24 short
503 1140 113 24 wooden
640 1140 136 28 crutches,
796 1139 54 24 and
872 1146 35 16 on
927 1138 52 24 fine

57 1179 86 24 sunny
157 1173 67 31 days
237 1173 88 24 would
339 1173 67 24 bask
420 1178 27 20 at
462 1173 46 25 the
525 1173 68 25 door
613 1173 29 24 of
661 1173 42 24 his
722 1176 73 22 son's
813 1173 93 28 house,
927 1173 52 23 and

56 1205 89 24 wreak
158 1215 156 24 vengeance
328 1215 73 24 upon
416 1215 53 24 any
483 1206 182 26 mischievous
673 1207 44 24 lad
727 1207 60 24 who
798 1215 76 16 came
884 1206 95 23 within

56 1239 80 24 reach
149 1239 30 25 of
188 1240 42 24 his
243 1240 104 25 crutch.
394 1241 103 33 Joshua
510 1241 64 25 took
589 1249 33 16 an
637 1241 88 24 active
739 1245 60 28 part
813 1240 26 25 in
854 1240 46 25 the
912 1248 67 16 war-

56 1272 54 25 fare
126 1273 120 25 between
259 1274 42 25 his
314 1274 87 25 father
411 1275 54 24 and
474 1275 118 31 juvenile
607 1274 183 29 Manchester,
802 1274 62 29 and,
874 1273 105 30 indeed,

56 1306 53 25 had
122 1315 35 17 no
167 1316 77 16 sense
258 1308 29 24 of
298 1308 176 33 impropriety
487 1309 27 24 in
534 1308 103 25 church
657 1317 29 16 or
705 1313 56 20 out.
810 1308 90 24 When
915 1307 64 25 Sam

56 1340 138 31 Bamford,
208 1342 46 24 the
269 1342 123 30 Radical,
405 1350 57 16 was
475 1343 82 31 being
569 1342 117 24 married
705 1343 20 23 it
744 1350 56 16 was
816 1341 83 25 found
918 1341 61 24 that

53 1374 46 25 the
113 1375 97 25 bride's
223 1376 86 32 finger
321 1376 55 24 had
390 1377 109 23 swollen
519 1384 29 16 so
567 1376 80 24 much
669 1376 59 24 that
749 1376 45 24 the
813 1376 60 31 ring
891 1375 88 25 would

55 1411 45 22 not
113 1416 34 24 go
160 1417 63 16 over
242 1410 45 24 the
303 1410 80 31 joint,
403 1410 54 24 and
475 1410 44 24 old
531 1410 91 33 Juddy
635 1410 63 31 kept
712 1410 131 31 fingering
855 1410 20 23 it
893 1410 26 23 in
933 1409 46 24 the

55 1446 114 29 attempt
183 1447 28 21 to
225 1444 73 24 force
311 1444 20 24 it
351 1444 102 25 further
472 1452 36 16 on
526 1444 47 24 the
591 1444 92 32 finger.
730 1443 141 32 Suddenly
883 1443 33 24 he
935 1443 44 23 left

54 1476 82 30 them,
149 1477 55 25 and
217 1477 104 25 walked
336 1482 27 20 to
374 1486 51 16 one
436 1478 57 24 side
503 1477 29 25 of
541 1477 45 25 the
596 1477 173 25 communion
780 1477 71 28 rails,
863 1477 26 23 in
900 1477 79 23 order

53 1514 27 20 to
93 1510 54 25 box
160 1511 45 25 the
219 1520 59 16 ears
291 1511 29 25 of
331 1520 14 15 a
359 1511 53 31 boy
425 1511 61 25 who
499 1519 58 17 was
575 1511 109 31 leaning
701 1519 74 23 upon
789 1510 83 25 them.
921 1510 58 24 Nor
