1079 1710
247 81 63 22 THE
334 83 91 22 DARK
448 85 136 21 SHADOW
607 85 110 21 PASSES
741 85 105 21 AWAY.

903 78 51 27 173

136 157 168 33 arm-chair
320 171 39 19 on
375 160 101 32 which
500 161 55 32 her
577 162 119 32 mother
719 166 47 27 sat
782 161 88 31 when
892 160 62 40 she,

137 218 146 43 kneeling
301 220 105 32 beside
421 221 64 41 her,
501 222 153 42 besought
668 223 54 32 her
737 228 31 26 to
785 222 96 32 shield
904 222 54 31 her

137 279 79 33 from
231 293 19 19 a
266 283 152 40 marriage
446 284 72 31 with
543 284 124 33 Olivier.
714 284 29 32 It
758 295 62 21 was
844 284 39 31 all
905 283 52 32 the

139 352 85 21 same
226 361 40 4 —
269 343 41 31 all
324 344 6 31 !
388 344 72 31 And
490 344 55 32 her
574 345 127 39 mother,
726 350 60 34 too,
815 356 62 20 was
903 356 56 19 un-

141 403 141 41 changed
283 423 41 5 —
328 405 60 31 still
426 406 52 31 the
513 417 82 21 same
619 411 120 37 pattern
772 406 33 32 of
832 417 126 28 narrow,

140 466 146 40 negative
318 466 168 42 amiability
512 466 69 33 that
609 466 65 33 flies
710 467 74 31 with
817 466 143 41 unerring

141 525 127 33 instinct
284 527 78 31 from
389 527 40 32 all
453 533 160 36 greatness
614 548 42 2 —
657 528 51 31 the
725 527 152 42 daughter
892 527 68 32 who

142 586 61 31 had
234 588 122 31 blamed
394 588 54 31 her
479 588 125 32 father's
634 588 180 42 patriotism,
847 588 113 32 shrunk

142 648 78 31 from
243 648 55 32 her
314 649 147 31 brother's
477 649 89 39 fame,
584 649 157 32 sacrificed
763 649 55 32 her
833 649 82 32 child
929 654 31 26 to

143 715 106 35 empty
275 714 127 35 custom,
438 709 60 32 and
532 721 63 20 was
627 709 161 41 marching
822 709 138 32 onwards

141 770 135 42 through
293 770 59 41 life,
371 771 171 42 persuaded
556 771 68 32 that
640 771 137 32 whether
794 770 74 42 duty
883 782 77 20 were

141 831 77 32 hard
235 844 33 19 or
283 837 55 26 not
354 832 53 31 she
424 832 61 31 had
501 832 77 31 done
594 831 78 32 hers.

186 894 73 30 And
275 894 110 30 Victor
401 905 63 19 was
479 893 77 31 alive
568 894 5 30 !

186 955 73 31 Had
286 954 108 32 Victor
418 955 78 30 been
523 954 94 42 really
634 953 85 40 dead,
749 953 96 32 Claire
871 952 89 32 could

142 1015 80 31 have
246 1014 140 42 forgiven
403 1014 48 40 all,
476 1013 47 33 for
537 1025 64 20 was
627 1019 55 26 not
706 1013 39 32 all
771 1025 56 20 one
851 1018 31 27 to
907 1013 53 32 her

142 1075 33 32 in
198 1075 50 32 life
258 1077 15 30 ?
318 1074 73 32 And
407 1074 136 32 whether
559 1074 53 32 she
637 1074 76 32 eked
739 1079 50 26 out
809 1074 55 31 her
886 1074 74 41 days

142 1148 35 20 as
209 1135 141 33 Olivier's
377 1134 68 32 Avife
482 1146 33 21 or
547 1140 55 27 not
638 1134 150 32 mattered
821 1134 137 42 nothing.

144 1201 62 32 But
246 1200 108 32 Victor
393 1199 103 41 living,
540 1200 60 31 and
640 1199 71 40 free,
748 1211 70 19 now
829 1200 5 31 !
837 1219 43 3 —
881 1199 79 31 That

142 1261 116 33 rushed
295 1272 101 20 across
435 1260 122 32 Claire's
595 1260 134 32 numbed
762 1260 87 32 heart
886 1258 74 33 with

144 1334 18 21 a
177 1322 81 32 force
281 1321 68 31 that
364 1321 89 31 made
469 1321 38 31 its
529 1321 139 31 rebound
691 1333 56 20 one
771 1321 34 31 of
824 1321 135 31 absolute

143 1385 173 30 fierceness.

186 1445 100 32 There
302 1455 63 20 was
382 1444 171 41 something
576 1455 84 21 more
684 1444 140 42 hopeless
846 1442 46 31 for
907 1441 53 32 her

143 1508 77 31 than
257 1517 77 21 even
365 1505 132 32 Victor's
528 1504 89 33 death
619 1525 42 2 —
663 1504 60 33 and
749 1510 31 26 to
810 1504 67 31 that
906 1502 54 32 she
