1079 1710
901 81 52 27 167

244 85 63 20 THE
330 85 91 21 DARK
444 86 136 21 SHADOW
604 86 110 22 PASSES
737 87 105 21 AWAY.

134 159 187 34 inscrutable
338 161 101 32 where
456 162 68 32 love
547 163 24 31 is
595 162 176 41 concerned,
786 162 60 31 and
868 162 39 31 lie
923 173 33 20 so

262 223 118 42 replied
403 224 55 31 her
482 229 82 35 aunt,
582 225 113 41 gently,
744 224 68 31 that
825 223 133 42 perhaps

136 282 76 32 each
240 288 138 38 mystery
394 284 56 32 has
473 285 57 31 but
552 285 39 31 its
615 297 69 19 own
706 284 167 32 individual
900 284 58 31 dis-

138 354 132 21 coverer.
317 344 16 31 I
356 356 50 19 am
429 344 131 32 inclined
583 346 110 31 almost
712 350 32 27 to
759 345 116 31 believe
891 344 67 31 that

137 416 81 20 none
234 416 114 31 among
359 417 36 19 us
408 405 55 32 has
480 418 71 19 ever
562 406 176 41 penetrated
753 406 53 31 the
821 410 136 37 mystery

140 464 34 32 of
193 465 47 32 his
262 465 193 42 neighbour's
481 465 87 32 heart
580 480 6 26 ;
610 466 55 31 but
679 477 47 20 we
746 478 57 19 can
823 466 74 42 pity.
943 465 15 31 I

140 527 39 31 do
195 527 66 40 pity
276 538 78 29 your
368 527 88 31 uncle

185 588 99 32 Claire
300 600 62 19 was
380 588 152 40 surprised
549 589 119 39 beyond
683 600 146 19 measure.

218 650 15 30 I
256 655 112 25 cannot
391 649 188 31 understand
594 661 69 29 you,
681 653 75 27 aunt
768 650 7 30 !
832 648 54 31 she
909 659 50 20 ex-

143 710 136 30 claimed.

218 772 28 30 It
268 771 27 30 is
317 770 175 42 impossible
515 770 69 31 that
599 782 60 30 you
676 770 116 40 should,

141 832 171 41 responded
342 831 143 31 Madame
517 831 186 40 Beaudouin,
737 831 137 40 stroking
908 830 53 31 her

141 894 111 31 niece's
278 893 57 30 fair
360 892 67 31 hair
450 904 33 19 as
505 891 24 31 it
553 892 51 41 lay
620 891 78 31 back
713 891 76 31 from
805 891 55 31 her
875 902 83 30 pure,

141 954 198 33 blue-veined
354 953 145 41 temples;
542 964 76 30 your
630 952 95 42 youth
737 952 91 41 fights
845 951 116 42 against

142 1027 53 29 my
227 1014 188 41 experience,
449 1025 32 19 as
511 1013 25 31 it
566 1012 108 32 should
705 1013 46 31 do.
803 1012 104 32 Youth
937 1011 24 32 is

143 1075 145 42 glorious,
305 1087 95 19 never
411 1074 66 41 just
490 1088 6 27 ;
521 1074 23 31 it
559 1086 73 29 may
648 1074 37 31 be
701 1074 54 30 full
772 1074 34 30 of
824 1074 53 31 fire
900 1074 61 31 and

145 1148 125 29 energy,
289 1137 60 30 and
372 1136 151 40 devotion,
542 1135 60 31 and
628 1134 94 41 truth,
740 1135 55 31 but
816 1135 24 31 it
862 1134 24 32 is
909 1139 52 26 not

144 1197 122 32 natural
280 1197 68 31 that
363 1197 24 30 it
403 1196 108 31 should
527 1196 37 31 be

222 1259 69 39 But,
309 1262 82 36 aunt,
408 1269 61 29 you
485 1269 51 20 are
551 1257 108 31 indeed
675 1257 111 41 unjust.
832 1258 15 30 I
863 1257 100 31 would

144 1320 79 32 have
251 1319 127 31 rescued
404 1318 68 31 that
495 1330 76 29 poor
593 1318 58 41 girl
653 1337 42 3 —
695 1318 16 31 I
726 1318 65 31 told
805 1329 52 29 my
873 1318 89 31 uncle

145 1393 33 20 so
180 1400 43 3 —
224 1380 16 32 I
256 1380 101 31 would
383 1379 79 31 have
491 1379 101 40 saved,
618 1379 59 30 and
704 1379 173 39 comforted,
904 1378 59 31 and

146 1441 152 33 amended
322 1441 62 39 her,
411 1440 59 31 and
496 1440 77 31 have
598 1439 147 42 provided
772 1439 45 31 for
841 1439 61 31 her.
950 1439 13 30 I

145 1504 67 40 pity
228 1503 63 40 her,
309 1513 74 31 poor
400 1507 143 34 creature,
561 1501 77 31 from
654 1513 52 29 my
