1079 1710
857 99 52 24 243

282 102 152 22 FREEDOM
457 104 73 21 WON
552 103 67 22 AND
642 104 81 21 LOST.

90 188 63 22 was
185 178 83 43 quite
300 191 100 21 aware
437 180 34 32 of
504 181 68 31 Avho
603 181 22 31 it
659 192 63 19 was
752 179 69 32 who
852 179 59 32 had

91 251 88 20 come
195 240 40 32 in.

201 302 79 32 have
304 303 134 42 brought
454 304 83 31 what
559 315 61 30 you
785 304 64 31 said
864 304 47 39 he,

91 365 167 43 hurriedly,
277 367 61 31 and
353 367 123 42 putting
498 367 49 31 his
570 368 88 31 other
681 367 83 32 hand
780 367 64 31 into
860 367 52 32 the

94 426 103 32 breast
223 428 113 41 pocket
363 429 34 30 of
420 428 47 32 his
493 433 85 36 coat;
732 428 24 31 it
779 428 43 41 is;
846 440 68 19 noAV

92 487 73 42 give
180 500 50 20 me
246 489 84 31 what
345 501 61 29 you

171 550 49 40 So,
246 551 156 31 Monsieur
426 551 27 31 le
679 551 114 42 replied
818 550 97 41 coolly

96 611 85 32 Mile.
215 612 148 41 Mourjon,
423 624 61 29 you
514 613 63 30 find
599 613 24 30 it
646 617 32 27 at
700 613 59 30 last
786 616 54 27 not
866 616 49 26 too

95 673 83 40 dear,
196 674 37 31 do
250 675 83 39 you?

174 732 48 32 Oh
234 734 6 30 !
273 744 93 20 never
394 732 85 31 mind
513 732 83 31 what
628 733 14 30 I
675 732 62 31 find
770 732 23 31 it
805 733 5 31 !
872 744 44 19 re-

89 793 108 41 joined
223 793 48 40 he,
301 793 139 41 showing
466 793 55 31 her
545 805 18 19 a
590 804 75 30 very
692 793 84 30 thick
806 792 110 42 pocket

95 855 89 30 book.

172 915 82 31 Well
264 916 6 30 !
295 916 43 30 let
354 927 48 19 me
420 927 49 19 see

175 976 87 30 Look
274 977 6 30 !
340 976 65 30 said
431 976 42 31 M.
501 975 36 31 de
565 975 192 40 Beauvoisin,
786 975 130 41 opening

97 1037 51 31 the
175 1036 215 41 pocket-book,
415 1035 55 31 but
494 1040 53 26 not
571 1035 107 42 giving
696 1035 23 31 it
741 1040 53 26 out
818 1035 32 31 of
868 1034 46 32 his

99 1097 91 40 hand,
217 1109 34 19 as
283 1096 72 31 with
385 1096 163 42 nervously
572 1096 164 41 trembling
762 1096 85 31 haste
878 1096 37 31 he

97 1158 134 32 counted
254 1170 18 19 a
294 1157 114 32 certain
430 1157 129 31 number
581 1156 34 32 of
635 1157 80 31 bank
741 1161 95 36 notes,
857 1156 59 32 and

98 1219 125 33 showed
239 1231 18 19 a
272 1219 122 31 written
410 1219 86 31 order
510 1223 32 27 to
558 1218 47 31 his
620 1223 108 36 notary
742 1223 33 26 to
790 1230 59 29 pay
865 1217 51 31 the

98 1287 64 25 rest
177 1286 32 26 to
225 1281 53 31 the
294 1280 113 31 bearer.

142 1342 85 33 Mile.
254 1342 143 41 Mourjon
424 1342 140 31 followed
589 1342 51 31 the
666 1342 155 42 operation
844 1342 71 31 with

97 1405 136 41 glances,
272 1403 51 32 the
354 1403 136 41 rapacity
519 1403 136 32 whereof
684 1415 62 20 was
778 1403 76 31 hard
885 1408 30 26 to

97 1464 126 33 conceal
235 1477 7 27 ;
267 1464 55 31 but
337 1475 76 20 even
428 1463 74 32 then
526 1464 52 31 she
602 1464 88 31 could
712 1469 113 26 master
846 1464 69 31 her-

101 1527 64 40 self,
195 1525 60 33 and
282 1524 89 33 when
397 1524 54 32 she
482 1524 61 32 had
576 1524 154 43 distinctly
763 1537 71 20 seen
865 1524 50 34 the

792 1592 16 14 B
822 1587 11 19 2
