1079 1710
849 88 33 25 19

339 94 64 20 THE
426 93 180 21 FAEEAATELL.

71 169 62 40 her,
150 168 61 32 and
227 168 54 32 she
298 168 51 31 did
363 173 55 26 not
433 168 93 42 speak
542 172 32 27 at
590 179 73 20 once
674 180 7 28 ;
704 167 55 32 but
774 166 109 33 looked

71 230 151 40 earnestly
237 234 33 27 at
284 229 55 32 her
353 229 94 32 niece.

115 291 66 31 The
205 302 105 30 young
336 290 153 42 Marquise
513 301 77 30 rose,
618 290 60 31 and
703 289 103 43 laying
830 288 54 33 her

72 351 83 32 hand
177 363 83 30 upon
287 351 52 32 the
365 350 82 33 hand
471 350 33 32 of
525 351 141 31 Madame
698 350 185 40 Beaudouin,

73 414 115 42 replied
210 419 32 27 to
264 414 56 32 her
337 414 71 31 look
425 413 74 32 with
519 425 58 20 one
598 425 34 20 so
651 413 148 42 eloquent,
818 413 66 31 that

74 475 115 42 plainly
214 475 139 32 betAveen
379 474 87 32 these
491 478 61 28 two
579 486 118 19 Avomen
723 486 40 20 no
787 474 97 32 words

75 548 80 21 were
170 536 151 42 requisite.

249 597 113 39 cousin,
527 596 102 40 began
644 596 86 31 Aunt
745 596 139 32 Clemen-

75 659 69 39 tine,
171 658 63 32 still
263 658 74 31 with
364 669 17 20 a
408 657 93 40 slight
530 660 82 28 trace
643 657 34 31 of
701 657 183 32 embarrass-

75 724 84 25 ment

146 779 15 30 I
177 779 88 31 kneAV
281 777 38 32 he
334 777 101 32 would
578 777 187 42 interrupted
776 778 108 40 Claire,

73 851 74 30 very
162 839 125 41 quietly,
310 838 60 32 and
391 838 130 32 without
543 838 52 32 the
614 839 137 31 smallest
772 840 67 40 sign
857 839 33 31 of

72 901 102 30 flutter
189 911 33 20 or
238 899 34 32 of
279 900 63 41 joy.
403 899 17 31 I
431 899 79 32 have
519 899 79 31 been
613 900 127 40 Avaiting
755 900 44 31 for
813 900 71 39 him,

72 961 45 32 for
132 972 94 30 many
241 961 74 41 days
330 964 78 38 past.
455 960 31 31 Is
502 960 38 31 he
558 972 79 29 gone
646 961 15 31 ?
684 972 32 20 or
731 960 25 31 is
772 960 38 32 he
826 960 60 32 still

72 1022 86 31 there
170 1023 14 30 ?

145 1083 49 31 He
221 1082 26 31 is
276 1081 95 38 there,
582 1081 134 41 rejoined
745 1082 139 31 Madame

72 1143 177 32 Beaudouin
263 1156 6 26 ;
304 1142 55 31 but
391 1141 60 32 still
481 1153 34 19 as
545 1141 119 42 though
693 1143 86 31 there
806 1154 78 20 were

72 1204 171 41 something
258 1204 52 31 she
327 1203 51 31 did
393 1207 54 27 not
463 1203 60 31 like
538 1207 32 27 to
585 1204 63 31 tell.

144 1265 82 32 Does
243 1265 38 31 he
291 1264 74 32 wish
381 1268 32 27 to
430 1275 50 20 see
495 1275 50 20 me
556 1265 14 31 ?
624 1265 94 31 asked
734 1265 110 40 Claire,
856 1265 29 31 in

72 1327 50 31 the
139 1338 82 20 same
237 1326 81 32 calm
333 1331 79 27 tone.

424 1386 65 33 said
519 1386 54 32 her
602 1392 95 36 aunt;
832 1388 53 32 has

72 1460 83 20 come
171 1460 39 20 on
226 1459 131 30 purpose
372 1452 32 27 to
422 1459 50 20 see

146 1509 113 31 Where
275 1508 26 32 is
316 1508 38 32 he
367 1510 14 30 ?

764 1574 12 15 c
792 1570 11 19 2
