1079 1710
147 76 53 25 218

388 81 82 19 LOVE
493 79 64 21 THE
580 77 159 23 AVENGER.

189 160 130 42 Aspasie
344 158 120 32 walked
482 155 132 35 forward
637 167 19 21 a
675 160 68 37 step
763 166 34 20 or
818 158 71 36 two,
914 151 62 32 and

146 221 73 33 Avith
235 221 102 32 folded
353 232 80 21 arms
450 218 88 33 stood
556 216 128 42 looking
699 220 34 28 at
748 216 65 31 him
830 214 75 31 Avith
922 218 54 26 not

145 295 76 29 very
235 282 154 41 admiring
404 281 133 32 Avonder.

407 343 53 32 she
488 342 75 40 said,
591 346 32 27 at
648 341 68 40 last,
745 339 31 32 in
802 338 56 32 her
892 342 83 28 most

145 407 99 41 biting
269 411 97 36 tones,
426 405 67 32 that
519 404 165 32 whenever
710 403 16 31 I
751 413 87 21 come
871 411 103 21 across

146 469 53 32 the
214 480 126 30 persons
357 468 35 32 of
406 468 97 32 either
527 478 63 29 sex,
608 465 69 32 who
694 476 51 21 are
763 464 161 33 described
940 475 35 20 as

147 532 92 41 being
255 531 97 32 under
367 531 52 32 the
435 531 151 31 influence
603 529 34 32 of
647 529 54 32 the
713 528 110 32 tender
838 527 135 43 passion,

145 593 74 42 they
251 604 50 20 are
333 597 33 27 to
392 603 49 21 me
474 591 115 42 objects
624 590 34 32 of
686 590 54 31 the
774 589 202 42 profoundest

146 654 153 42 curiosity,
318 654 60 31 and
394 653 16 32 I
424 664 85 21 more
525 652 62 32 and
606 663 85 20 more
714 650 148 42 devoutly
877 649 100 33 thank

146 727 52 30 my
214 720 79 26 stars
309 713 68 33 that
393 714 15 32 I
424 714 79 32 have
521 713 159 33 remained
700 713 32 31 in
755 713 169 42 ignorance
947 711 34 32 of

148 776 91 40 what,
257 776 15 31 I
288 775 128 40 believe,
435 775 143 32 continue
599 779 32 28 to
653 774 38 33 be
714 774 100 43 styled
830 774 42 42 by
888 785 89 21 cour-

145 841 69 37 tesy
229 836 52 32 the
298 836 155 32 affections
462 837 6 31 !
515 837 81 30 Now
617 837 72 30 look
708 841 33 27 at
759 837 51 31 the
835 836 141 42 example

146 899 102 32 before
264 911 35 19 us
310 912 6 19 :
340 899 72 31 here
429 910 51 20 are
496 910 70 30 you,
581 899 160 31 Monsieur
757 899 28 31 le

149 961 65 41 (her
238 960 84 31 voice
344 971 64 20 was
429 960 152 41 infinitely
604 964 237 37 contemptuous
862 972 34 20 as
921 960 55 32 she

148 1021 165 31 addressed
342 1020 84 41 him,)
489 1020 72 32 here
591 1032 51 20 are
670 1032 71 30 you,
767 1021 69 31 who
867 1024 33 28 to
923 1032 54 29 my

147 1081 180 40 knoAvledge
349 1081 80 32 have
446 1081 111 32 shared
575 1081 39 42 (in
632 1094 84 20 some
739 1082 121 42 degree,
874 1083 16 30 I
904 1094 73 30 sup-

148 1141 84 43 pose)
255 1142 51 31 the
328 1142 192 32 attachment
542 1143 68 31 that
632 1155 56 19 our
719 1143 131 33 amiable
877 1143 101 32 friend

148 1203 132 41 upstairs
301 1203 165 31 conceived
487 1204 46 31 for
552 1215 70 30 you,
647 1204 62 32 and
730 1204 73 33 here
824 1205 27 32 is
867 1205 53 32 31.
940 1204 37 33 de

150 1264 168 40 Moranges
335 1264 181 41 apparently
532 1265 107 41 caring
660 1265 124 42 enough
807 1266 46 32 for
868 1266 57 32 her
945 1271 33 27 to

150 1324 129 41 trample
300 1336 83 29 upon
404 1336 93 30 every
509 1326 87 31 other
620 1326 228 33 consideration
872 1328 31 31 in
924 1328 54 32 the

152 1385 94 31 world
266 1384 32 31 in
317 1384 88 32 order
423 1389 31 28 to
473 1386 91 32 make
585 1386 56 33 her
659 1387 49 33 his
729 1388 79 41 wife,
824 1389 62 31 and
907 1401 72 19 now

151 1447 67 32 that
235 1447 53 31 she
305 1447 25 30 is
345 1446 110 32 visited
467 1447 41 41 by
519 1447 102 33 illness
623 1468 43 3 —
668 1460 18 20 a
695 1449 154 42 lingering
861 1450 116 41 illness,

153 1507 100 34 which
285 1508 87 30 takes
406 1507 55 32 her
488 1513 53 27 out
566 1509 34 31 of
620 1509 53 32 thc
702 1510 109 41 sphere
840 1511 34 31 of
901 1523 79 28 your
