1079 1710
147 77 52 27 178

391 83 82 20 LOVE
497 82 64 21 THE
585 80 160 22 AVENGER.

145 159 92 32 hours
260 159 68 32 that
351 158 71 33 God
445 157 62 31 had
530 155 165 44 appointed
723 155 47 32 for
802 154 55 32 her
872 167 6 27 ;
914 152 61 33 and

144 220 55 32 she
215 225 83 27 must
314 221 38 30 do
369 220 54 31 her
450 219 84 41 duty,
552 217 61 32 and
640 217 38 32 be
704 221 69 27 true
797 220 32 27 to
851 214 123 41 herself,

144 282 68 39 and,
231 281 118 41 though
374 279 136 43 parched
535 278 75 32 with
638 277 100 41 thirst,
756 277 55 32 she
835 281 84 27 must
935 287 40 30 go

143 354 40 20 on
215 342 95 41 living
340 354 70 19 now
453 341 104 32 within
596 340 77 32 view
714 339 35 32 of
785 338 54 32 the
872 337 103 33 divine

143 404 144 41 draught,
313 403 101 32 which
448 408 84 26 must
563 414 96 20 never
694 401 94 32 touch
820 401 55 31 her
905 400 67 42 lips,

141 464 135 33 towards
292 464 102 33 which
422 464 53 33 she
500 469 84 28 must
599 476 96 20 never
711 464 113 32 stretch
849 468 54 27 out
918 464 57 31 her

141 526 91 32 hand.
281 526 73 32 Had
380 525 54 33 she
458 526 91 32 loved
574 525 108 33 Victor
703 525 70 41 less,
791 525 54 32 she
871 525 101 42 might

140 588 79 31 have
249 599 85 21 more
359 588 154 42 promptly
538 588 132 42 rejoiced
701 588 31 31 in
762 587 49 32 his
842 599 109 31 escape
964 601 7 27 ;

138 648 57 32 but
226 648 52 32 she
310 660 33 20 so
373 648 186 43 thoroughly
591 648 89 32 loved
711 648 73 41 him,
817 648 69 32 that
917 647 55 33 she

140 709 185 42 confidently
354 709 110 31 waited
487 709 47 31 for
557 709 53 31 the
635 714 139 26 moment
797 708 91 33 when
916 708 55 32 she

140 770 108 32 should
259 770 64 42 join
347 770 63 31 him
425 770 47 31 for
498 782 72 20 ever
571 790 43 3 —
614 770 24 32 it
654 771 89 31 could
769 775 55 27 not
840 771 38 31 be
895 771 77 40 long

139 852 43 4 —
183 844 18 20 a
226 832 57 32 few
310 844 98 30 years,
426 844 86 20 more
534 845 33 19 or
591 833 61 31 less
665 846 6 27 ;
696 833 60 31 and
777 833 85 31 what
886 845 82 20 were

139 906 88 31 years
254 899 33 27 to
303 894 55 32 her
368 896 14 30 ?
427 895 63 30 But
505 906 69 20 noAV
592 894 54 32 she
661 900 83 26 must
767 895 138 41 struggle
922 895 47 32 for

139 956 119 32 honour
305 956 60 31 and
409 956 102 42 duty's
550 956 73 31 sake
624 975 44 3 —
669 956 137 42 struggle
846 956 122 42 against

138 1017 133 44 possible
303 1017 168 33 weakness.
528 1017 73 33 And
624 1017 83 33 what
738 1017 26 32 if
790 1017 38 33 he
858 1017 111 33 should

138 1078 131 32 mistake
293 1078 56 32 her
360 1080 6 31 !
369 1099 42 4 —
414 1079 25 31 if
461 1079 39 32 he
526 1080 109 31 should
662 1080 134 41 imagine
818 1080 56 32 her
899 1080 70 32 love

138 1140 62 31 had
216 1140 164 31 decreased
393 1142 6 29 !

182 1201 44 31 At
248 1200 68 32 that
338 1200 134 42 thought
496 1201 53 32 she
573 1202 102 31 would
691 1203 86 42 clasp
798 1203 56 32 her
869 1203 100 32 hands

138 1261 73 32 with
227 1266 103 35 terror,
349 1262 106 41 crying
477 1262 92 32 aloud
595 1263 46 32 for
666 1276 105 31 mercy
787 1265 62 32 and
872 1271 32 26 to
932 1266 37 32 be

139 1322 109 42 spared
278 1321 69 32 that
376 1327 126 34 torture,
534 1324 46 31 for
612 1325 53 32 she
701 1326 51 32 did
783 1332 55 27 not
876 1327 93 32 know

138 1383 137 32 whether
292 1382 53 32 she
362 1383 89 31 could
466 1384 74 31 bear
556 1386 33 30 it.

182 1446 79 30 Poor
278 1443 102 32 Claire
393 1445 6 30 !
425 1444 53 32 the
502 1447 107 31 sacred
633 1448 134 43 security
784 1449 34 31 of
829 1448 55 32 her
896 1448 70 33 love

137 1519 64 20 was
239 1518 87 29 gone,
359 1506 38 30 its
436 1506 179 41 brightness
651 1521 64 20 was
747 1510 145 39 dimmed,
925 1511 41 32 its
