1079 1710
168 87 14 24 2

401 90 81 20 LOVE
506 88 63 21 THE
593 85 160 23 AVENGER.

168 173 105 27 atoms.
321 167 67 33 One
406 166 27 31 is
451 176 36 20 as
507 160 244 36 unaccountable
769 171 34 20 as
819 158 53 33 the
890 157 100 40 other,

168 229 60 33 and
250 228 113 42 utterly
385 228 148 40 deranges
555 224 52 32 the
630 227 88 38 petty
739 219 201 34 calculations
960 218 33 32 of

169 302 55 20 our
244 290 148 41 sapience.
439 287 42 32 So
502 285 38 33 do
564 296 93 30 many
681 281 156 34 thousand
861 281 129 32 circum-

168 356 118 27 stances
315 361 47 19 we
394 347 79 32 heed
506 351 54 27 not
589 345 31 32 in
651 345 70 40 this,
749 344 53 32 the
827 342 163 43 perpetual

168 411 131 39 miracle,
318 409 97 33 called
431 408 59 33 life.

210 472 42 32 M.
286 472 37 31 de
354 472 141 31 Lancour
526 468 60 33 and
611 468 54 32 the
695 478 106 32 young
831 466 157 42 Marquise

168 544 78 21 were
268 532 101 40 saved,
386 531 118 33 neither
526 530 90 32 knew
631 529 78 40 how,
726 528 46 33 for
794 528 25 33 it
834 539 64 21 was
913 532 75 27 next

168 598 32 27 to
224 592 173 42 impossible
427 596 31 27 to
485 591 120 41 explain
628 590 71 42 why
721 589 74 43 they
822 600 81 21 were
933 593 55 27 not

169 653 99 31 killed.

211 714 67 31 The
290 714 219 41 superstitious,
523 712 169 33 self-called
707 712 123 40 devout,
848 711 141 32 ascribed

169 775 178 41 everything
362 779 32 27 to
409 774 52 32 the
477 774 98 32 virtue
596 774 34 31 of
642 785 18 20 a
681 773 115 32 certain
812 772 74 32 relic
902 784 85 20 worn

169 836 40 40 by
234 835 118 40 Claire;
377 835 101 32 others
505 835 65 32 said
594 835 66 31 that
687 835 43 31 M.
757 834 36 31 de
817 834 172 31 Lancour's

169 896 281 33 disinterestedness
473 896 61 31 had
561 896 92 31 saved
682 895 73 40 him,
787 895 46 31 for
857 895 77 40 that,
958 895 30 31 in

169 968 33 20 so
228 957 181 41 generously
440 957 144 41 devoting
615 956 126 32 himself
773 961 32 27 to
842 967 145 31 preserve

168 1017 86 32 those
281 1018 115 31 around
422 1017 62 33 him
508 1018 39 31 he
572 1018 69 40 had,
666 1017 227 42 involuntarily,
919 1029 69 30 pre-

169 1078 109 31 served
307 1078 126 32 himself.
494 1078 28 31 It
550 1077 26 32 is
602 1082 67 27 true
703 1077 77 41 that,
814 1077 89 32 when
932 1077 57 32 the

170 1138 157 41 operation
348 1138 34 31 of
400 1138 172 41 extracting
585 1138 53 32 the
654 1138 106 32 bodies
776 1138 33 31 of
827 1138 53 32 the
897 1138 91 32 fallen

169 1199 61 31 had
260 1200 110 40 begun,
402 1200 41 32 M.
472 1200 38 32 de
536 1201 143 31 Lancour
710 1201 60 30 and
800 1200 54 32 the
885 1212 104 29 young

169 1260 154 41 Marquise
361 1272 78 20 were
476 1261 95 31 found
623 1266 55 27 not
718 1262 175 40 insensible,
933 1262 56 32 but

170 1322 139 39 stunned,
334 1322 59 31 and
416 1323 156 41 protected
595 1323 41 41 by
656 1334 19 20 a
691 1323 101 41 cavity
807 1323 118 32 formed
948 1323 41 43 by

169 1387 61 26 two
254 1382 115 40 rafters,
401 1383 99 32 which
533 1383 61 32 had
621 1383 104 32 struck
760 1384 121 42 against
914 1384 75 33 each

170 1443 87 32 other
283 1443 60 31 and
370 1443 89 32 made
489 1455 18 20 a
533 1443 72 33 kind
630 1444 35 32 of
682 1444 91 41 angle
793 1444 99 33 above
911 1445 78 32 their

170 1504 101 33 heads.
329 1505 126 32 Around
481 1505 84 33 them
596 1516 81 22 were
710 1506 110 42 people
851 1507 138 41 severely
