1079 1710
119 74 55 25 104

352 81 82 19 LOVE
457 80 64 20 THE
544 78 161 21 AVENGER.

116 157 126 42 fidgety,
268 157 124 41 looking
418 161 33 27 at
477 156 52 31 the
557 156 63 40 fire,
639 154 94 43 doing
754 154 142 43 nothing,
917 155 31 42 (a

117 231 66 20 rare
199 219 91 42 thing
314 219 45 31 for
386 219 55 31 her
455 218 18 41 !)
499 218 61 31 and
579 217 127 41 waiting
722 216 46 32 for
784 228 85 20 some
887 228 60 21 one

116 292 34 21 or
165 280 175 40 something
355 280 75 31 with
447 279 126 32 evident
589 279 133 41 anxiety.

157 343 85 42 Very
258 342 83 43 early
357 342 68 32 that
449 342 144 42 morning
617 341 53 33 she
694 341 60 33 had
770 341 141 33 received
927 353 17 21 a

114 409 79 36 note,
221 404 99 31 which
347 403 61 32 had
435 403 146 43 palpably
606 403 159 32 disturbed
789 402 64 41 her,
882 403 62 32 and

115 465 116 42 shortly
247 466 78 31 after
341 464 155 42 receiving
512 464 102 31 which
643 464 53 31 she
722 464 62 31 had
805 464 105 32 issued
926 476 18 20 a

112 527 108 32 formal
236 527 88 31 order
339 531 30 27 to
386 526 44 32 let
446 538 39 20 no
501 526 99 41 living
616 529 144 29 creature
776 526 40 41 in,
832 531 111 37 except

112 601 19 20 a
158 589 114 32 certain
297 589 144 31 Madame
468 588 177 40 Perrichon,
673 589 81 40 who,
785 589 54 32 she
865 589 75 40 said,

111 650 103 32 would
229 650 89 42 bring
333 650 55 31 her
405 661 84 20 some
512 661 114 31 papers
650 650 79 32 from
745 650 54 32 the
816 656 123 37 notary,

112 712 60 32 and
199 712 69 31 who
298 723 63 20 was
391 716 55 27 not
479 716 31 26 to
546 711 38 32 be
616 711 77 42 kept
723 711 128 43 waiting
882 724 59 20 one

111 772 125 30 instant.

154 833 66 32 The
235 838 72 27 note
325 833 96 32 stated
436 832 68 33 that
527 832 60 33 this
604 844 111 31 person
732 833 101 32 would
850 845 87 21 come

110 900 32 26 at
157 900 62 26 two
236 896 123 30 o'clock.

153 958 29 30 It
198 957 121 31 wanted
335 969 70 19 now
422 957 46 31 six
484 957 133 31 minutes
635 957 35 31 of
680 957 53 31 the
750 957 83 31 hour.

152 1019 65 31 The
228 1019 179 40 Dowager's
424 1019 91 42 sharp
532 1031 72 30 eyes
621 1031 79 20 were
717 1020 119 32 riveted
852 1033 85 31 upon

107 1080 51 31 the
186 1080 95 31 hands
299 1079 33 31 of
351 1080 52 31 the
428 1080 85 32 clock
529 1094 6 26 ;
559 1081 69 39 and,
646 1081 120 41 though
789 1081 56 33 her
866 1095 70 30 per-

106 1140 103 42 petual
241 1140 91 32 white
363 1141 94 31 wools
492 1141 50 42 lay
577 1153 82 30 upon
695 1142 54 32 her
783 1142 59 43 lap,
878 1144 59 32 her

105 1202 114 37 fingers
250 1201 51 31 did
331 1207 54 26 not
414 1202 94 31 touch
540 1202 93 37 them,
667 1203 60 32 and
765 1204 53 32 the
849 1206 76 33 long-

104 1262 103 41 bright
222 1262 123 31 needles
361 1263 50 41 lay
427 1263 69 32 idle.
544 1263 67 32 Her
637 1265 135 32 metallic
796 1278 137 30 reserve,

103 1335 34 20 as
154 1323 97 32 Henri
275 1324 125 41 Dupont
428 1324 156 41 delighted
608 1329 31 28 to
662 1326 60 31 call
746 1327 54 32 the
816 1328 116 32 Dowa-

103 1384 78 42 ger's
197 1384 199 32 hard-locked
413 1384 186 34 demeanour
622 1391 32 27 at
674 1399 62 30 any
753 1389 95 40 crisis,
866 1401 66 21 was

104 1445 157 42 decidedly
273 1450 98 37 upset,
390 1445 58 31 and
465 1457 60 30 you
540 1446 99 42 might
655 1448 91 42 fancy
762 1462 62 29 you
841 1451 91 32 could

104 1506 77 33 have
198 1506 94 32 heard
308 1506 51 32 the
376 1506 99 32 stifled
493 1508 98 31 sound
608 1509 34 30 of
654 1510 150 39 agitation
822 1511 111 34 within
