1079 1710
157 53 51 25 192

403 59 82 20 LOVE
508 57 65 21 THE
597 55 162 22 AVENGER.

155 146 39 19 no
216 145 72 20 man
312 145 58 20 can
392 138 54 36 get
462 143 73 20 over
558 131 40 31 all
624 130 34 31 of
679 141 18 19 a
713 127 118 33 sudden
848 127 53 32 the
918 126 70 31 fire-

155 194 64 32 side
243 193 163 33 memories
429 192 55 31 left
507 191 64 31 him
595 191 41 41 by
652 202 19 19 a
693 200 122 20 Avoman
838 187 70 32 avIio
932 187 56 32 has

156 257 77 30 been
249 256 46 31 for
311 254 86 32 three
414 265 33 20 or
464 253 67 31 four
548 264 92 30 years
657 250 175 33 associated
848 248 74 34 with
939 249 48 32 his

155 316 154 42 everyday
326 314 49 33 life
394 314 209 43 (particularly
613 314 91 32 when
722 313 56 32 she
794 313 57 32 has
868 311 120 43 quitted

155 378 72 40 him,
245 381 55 27 not
323 376 39 32 he
385 376 77 42 her),
481 375 38 33 he
536 387 72 31 may
625 375 93 43 fancy
733 375 39 33 he
796 375 86 32 don't
906 386 79 26 care,

154 440 56 32 but
234 440 39 31 he
302 439 80 40 does,
412 438 41 32 all
477 438 51 32 the
558 449 83 21 same
654 452 6 27 ;
686 437 62 33 and
772 438 40 32 he
834 437 94 32 won't
947 437 39 32 be

154 502 68 32 able
248 506 31 27 to
300 501 74 32 bear
397 500 97 42 living
518 500 30 31 in
572 500 53 32 the
648 512 85 20 same
749 500 96 43 place,
864 499 123 43 depend

154 575 83 31 upon
261 563 69 32 that
330 582 44 3 —
375 563 49 32 it's
442 563 65 42 just
535 574 57 20 one
621 562 35 32 of
676 562 53 32 the
755 567 95 27 Avorst
878 574 106 20 conse-

155 637 132 29 quences
305 624 34 33 of
348 624 87 33 these
452 624 85 32 illicit

197 687 100 32 Claire
324 686 96 32 heard
443 698 93 30 every
562 686 93 38 word,
687 686 61 32 and
778 687 121 42 though
929 687 54 32 her

154 749 100 31 whole
293 760 108 19 reason
442 747 61 31 and
541 747 166 42 judgment
750 749 159 42 protested
952 750 31 31 in

155 810 133 32 Victor's
315 809 116 40 favour,
459 809 60 31 and
547 808 118 42 though
696 809 56 32 her
783 810 100 32 whole
916 811 67 31 soul

154 871 134 42 repelled
315 871 52 31 the
392 870 104 32 notion
519 870 33 32 of
575 871 137 32 Victor's
731 872 171 40 weakness,
921 872 62 32 and

155 934 72 32 bore
252 932 122 31 Avitness
391 937 30 26 to
447 932 47 32 his
515 932 86 32 truth
622 933 135 32 toAvards
779 933 121 42 herself,
919 934 63 32 still

155 1005 38 21 an
219 1005 101 29 agony
336 993 34 31 of
390 997 98 27 terror
513 994 102 31 seized
641 1005 85 30 upon
751 994 57 32 her
834 994 71 33 that
927 995 54 33 she

155 1054 88 33 could
259 1060 53 26 not
328 1054 89 42 quell.
465 1054 62 32 For
536 1054 53 33 the
605 1060 140 27 moment
761 1056 38 31 all
816 1058 166 31 command

155 1117 33 31 of
208 1115 117 33 herself
346 1127 63 20 was
440 1127 88 30 gone,
562 1116 60 32 and
653 1116 62 32 had
743 1118 238 34 circumstances

155 1177 96 40 aided,
269 1176 60 32 and
345 1176 55 32 her
416 1176 105 32 cousin
543 1177 109 32 Victor
670 1178 80 33 been
774 1180 42 41 by
832 1181 56 32 her
907 1182 73 39 side,

155 1239 52 31 she
223 1237 102 33 would
348 1236 79 33 have
450 1237 78 32 been
552 1250 84 20 more
661 1245 34 25 at
718 1240 47 32 his
782 1253 106 31 mercy
903 1242 77 33 than

155 1300 53 32 she
223 1298 99 40 might
337 1297 77 33 later
430 1298 110 32 choose
556 1304 32 27 to
604 1302 181 34 remember.

198 1360 89 40 Now,
320 1358 102 42 world,
454 1359 38 32 clo
524 1366 54 26 not
603 1361 98 42 judge
732 1363 62 32 this
831 1366 148 41 agonised

155 1433 128 21 woman.
344 1420 84 32 Wild
459 1420 149 43 thoughts
640 1423 88 32 whirl
759 1424 135 43 through
926 1427 53 32 her

155 1483 94 40 brain,
281 1481 60 32 and
371 1481 53 32 she
455 1481 26 32 is
511 1486 69 27 torn
605 1484 61 31 and
690 1485 137 33 buffeted
851 1486 42 40 by
924 1488 55 33 her
