1079 1710
116 64 33 24 96

352 71 82 20 LOVE
458 71 64 20 THE
545 69 161 21 AVENGER.

115 147 174 42 something
305 148 30 31 in
359 148 53 31 the
436 147 110 40 future,
565 146 46 31 for
634 156 79 31 your
736 143 90 33 uncle
852 143 25 33 is
902 143 45 33 far

114 214 51 27 too
192 209 154 42 thorough
371 220 19 20 a
410 209 109 42 grand
543 208 141 42 seigneur
710 210 33 28 to
773 205 91 32 allow
891 204 56 32 her

114 283 72 18 ever
202 276 32 25 to
251 271 38 30 be
305 270 30 31 in

191 333 61 31 But
264 332 84 32 what
363 332 16 32 I
545 331 192 42 interrupted
748 330 110 40 Claire,
870 328 75 33 with

113 407 19 19 a
147 395 132 31 mixture
296 394 34 32 of
352 394 189 42 persistence
566 393 59 32 and
642 392 174 40 hesitation,
872 403 72 27 was,

114 457 137 32 whether
267 457 53 32 she
336 469 64 19 was
416 468 100 20 aware
533 456 35 31 of
578 456 56 31 her
651 455 105 32 shame
769 457 13 29 ?
807 454 138 32 whether

114 519 53 32 she
183 519 101 41 might
310 524 54 27 not
388 519 38 31 be
454 518 95 32 saved
572 519 78 41 yet?
843 536 44 4 —
890 517 54 32 she

113 580 114 42 paused
229 600 42 2 —
306 580 84 32 what
414 580 15 31 I
452 591 100 29 mean,
572 580 103 32 Count
692 580 137 41 Dupont,
851 579 34 40 is,
904 579 39 32 do

112 653 61 29 you
189 641 87 32 think
294 641 53 32 she
362 641 78 32 likes
456 640 55 33 her
527 641 133 41 position
672 642 15 31 ?

156 702 98 31 Henri
271 702 106 31 smiled
393 714 19 19 a
427 703 121 30 curious
565 702 93 31 smile.

189 766 14 30 I
220 777 48 19 am
293 764 94 32 afraid
411 764 53 32 she
610 765 38 31 he
665 764 126 42 replied,
811 764 130 42 shaking

113 826 46 32 his
184 826 79 31 head
275 839 6 27 ;
339 826 73 41 they
429 826 39 31 all
485 826 47 40 do,
550 826 90 31 when
662 826 24 31 it
701 826 26 31 is
744 838 33 20 so
794 826 147 32 comfort-

113 889 69 28 able
198 900 19 17 a
235 900 56 17 one
308 899 34 18 as

190 949 81 31 How
286 949 133 31 horrible
431 949 6 32 !
493 949 170 39 ejaculated
680 949 109 32 Claire.

189 1010 63 31 Yes
264 1023 7 27 ;
296 1010 23 31 it
344 1010 25 31 is
586 1010 143 32 resumed
756 1010 99 32 Henri
875 1011 65 32 Du-

114 1076 74 37 pont
199 1085 7 26 ;
262 1071 132 31 horrible
422 1071 30 31 in
478 1071 54 31 the
561 1076 145 35 extreme,
736 1076 32 27 to
795 1071 89 33 think
912 1072 32 32 of

113 1132 117 32 crowds
246 1132 34 31 of
302 1143 120 20 women
450 1132 30 31 in
497 1143 57 20 our
569 1132 146 41 civilised,
734 1133 207 33 self-satisfied

114 1194 49 31 old
178 1194 131 41 Europe,
326 1193 94 41 being
441 1192 104 33 forced
561 1193 63 32 into
642 1193 46 32 sin
704 1194 41 42 by
761 1194 179 34 destitution

114 1255 59 32 and
190 1256 171 41 ignorance,
378 1254 41 42 by
435 1254 53 32 the
506 1255 168 31 starvation
691 1255 35 32 of
739 1256 81 33 their
835 1258 106 33 bodies

114 1316 61 32 and
201 1315 78 32 their
302 1314 101 33 minds
405 1336 43 1 —
448 1315 67 32 that
538 1316 24 31 is
590 1317 173 41 appalling,,
778 1319 59 32 and
863 1320 77 32 cries

114 1378 89 31 aloud
219 1382 32 26 to

190 1440 61 30 But
263 1438 72 42 they
346 1450 52 20 are
413 1438 110 41 taught
535 1439 78 32 their
799 1443 139 42 objected

114 1501 107 31 Claire.
