1079 1710
148 76 55 25 286

391 80 83 20 LOVE
497 80 64 20 THE
584 78 163 22 AVENGER.

150 158 109 42 coldly,
284 157 97 33 Henri
406 157 129 42 Dupont,
548 169 6 27 ;
580 155 60 33 and
665 166 78 21 even
767 153 30 31 in
819 151 63 33 this
905 150 80 33 hour

149 221 35 31 of
203 221 168 32 desolation
395 219 54 32 she
473 218 91 33 could
588 217 145 32 conceive
756 216 55 32 the
834 219 99 28 terror
952 213 35 32 of

147 282 52 32 the
226 282 143 32 situation
383 294 7 27 ;
414 281 61 32 and
509 280 118 41 resting
650 279 55 31 her
731 275 250 44 tight-clenched

148 343 98 33 hands
277 355 39 21 on
346 343 52 32 the
436 347 54 37 top
521 342 36 32 of
582 342 55 31 her
672 340 88 40 head,
795 339 55 32 she
889 337 91 33 stood

147 404 168 44 glowering
342 404 103 42 wildly
470 408 32 28 at
527 404 55 31 her
609 403 116 39 visitor,
756 401 105 32 whose
889 400 87 41 hard,

147 466 107 42 steady
279 478 74 30 gaze
384 477 95 20 never
517 464 151 33 detached
699 464 87 32 itself
811 463 80 32 from
922 463 55 32 her

145 527 140 30 features.

188 588 89 32 After
293 600 18 20 a
326 599 93 30 pause
436 588 35 31 of
482 599 18 20 a
516 587 113 32 second
646 599 33 20 or
694 591 61 28 two
760 605 40 5 —

475 649 174 42 whispered
684 650 105 31 Count
834 649 138 42 Dupont,

144 712 122 41 coming
292 713 81 31 close
395 717 30 26 to
449 712 53 31 the
524 712 164 41 Dowager,
712 712 61 31 and
795 711 106 42 laying
926 712 47 31 his

143 774 82 31 hand
243 785 83 30 upon
348 773 56 32 her
427 785 74 28 arm,
504 793 43 3 —
580 773 186 31 Remember
789 773 76 39 that,
890 785 82 20 Avere

143 834 53 32 the
221 834 91 32 crime
339 834 116 42 proved
479 845 18 21 a
521 834 140 32 hundred
685 834 91 32 times
802 846 82 29 over,
911 834 61 33 and

143 908 79 20 Avere
247 896 23 32 it
293 896 72 42 only
381 895 142 42 required
546 895 69 32 that
639 907 18 20 a
680 896 99 41 finger
804 896 112 32 should
932 897 39 31 be

140 959 110 40 raised,
269 971 33 19 or
318 970 19 20 a
351 958 85 31 Avord
452 958 125 42 spoken,
594 963 31 27 to
650 971 106 19 secure
772 959 53 32 the
841 959 129 42 punish-

140 1024 86 27 ment
249 1019 35 32 of
302 1019 52 32 the
378 1019 146 41 criminal,
548 1020 54 31 the
624 1020 101 41 finger
749 1025 85 27 must
856 1027 53 26 not
930 1021 39 32 be

141 1080 100 32 raised
266 1081 60 31 and
347 1080 53 32 the
416 1080 84 32 Avord
523 1085 84 27 must
629 1087 52 25 not
696 1081 38 31 be
751 1082 117 41 spoken
883 1095 6 28 ;
914 1083 56 32 but

140 1142 87 31 there
252 1146 83 27 must
360 1142 38 31 be
426 1142 111 32 silence
558 1142 47 32 for
632 1155 168 29 evermore,
829 1145 61 32 and
915 1144 53 33 the

139 1204 101 40 guilty
262 1208 83 27 must
369 1215 39 29 go
436 1204 159 41 scathless,
620 1204 146 33 whoever
793 1206 75 42 they
895 1219 72 30 may

138 1265 48 31 be.
233 1265 184 31 Remember
440 1265 68 32 that
530 1265 69 33 well
612 1280 6 26 ;
674 1266 39 32 he
738 1267 108 41 added,
865 1281 102 29 press-

138 1326 54 40 ing
215 1325 55 32 her
294 1337 65 20 arm
383 1326 31 31 in
440 1326 47 32 his
514 1326 92 42 hand,
631 1328 61 31 and
716 1329 151 42 speaking
890 1331 75 32 with

138 1386 171 42 solemnity.
388 1386 81 33 Wail
497 1399 33 21 as
557 1400 61 31 you
649 1390 69 41 will,
752 1390 46 32 for
828 1392 54 32 the
910 1404 55 21 son

138 1459 61 30 you
222 1447 79 32 have
332 1447 60 32 lost
403 1460 6 20 :
442 1460 110 20 mourn
576 1461 73 21 over
679 1450 75 41 him,
780 1452 61 32 and
864 1453 102 33 refuse

137 1513 32 27 to
185 1508 38 32 be
239 1508 143 33 consoled
394 1522 6 26 ;
425 1508 55 33 but
503 1510 74 32 seek
597 1523 40 19 no
657 1512 100 31 solace
780 1513 31 31 in
828 1525 135 29 revenge
