1079 1710
137 83 53 26 268

369 88 82 21 LOVE
474 87 64 21 THE
562 84 160 23 AVENGER.

134 177 86 21 came
237 177 73 20 over
325 165 62 40 her,
406 163 63 32 and
485 168 32 27 at
533 162 53 33 the
608 162 79 41 deep
709 159 136 33 stillness
862 156 105 33 rather

134 228 76 32 than
236 232 97 28 terror
358 227 68 32 that
453 226 53 32 the
531 223 107 33 Dread
659 224 153 32 Presence
834 217 133 34 ushered

134 289 39 33 in.
231 289 61 33 She
318 300 63 21 Avas
408 294 55 26 not
490 286 184 42 frightened,
702 284 55 33 she
783 295 73 28 was,
884 293 36 20 as
945 280 22 31 it

134 363 89 29 Avere,
256 350 128 40 hushed,
417 350 62 32 and
504 349 71 32 God
606 347 128 33 himself
760 344 124 34 seemed
915 349 52 26 too

133 424 75 20 near
230 417 33 27 to
286 412 55 32 her
364 411 46 33 for
433 411 68 33 that
523 411 53 32 she
598 409 112 33 should
729 420 80 31 pray
824 412 33 27 to
878 405 87 33 Him.

133 473 74 32 And
232 485 33 20 so
291 473 53 32 she
371 477 55 36 sat,
454 472 126 42 looking
605 477 32 27 at
662 471 84 31 what
770 469 70 41 had,
866 481 18 19 a
906 468 61 32 few

133 534 93 32 hours
249 534 113 41 before,
387 535 78 31 been
492 546 18 19 a
534 533 100 42 living
657 544 83 28 man,
758 532 76 31 aau.1i
860 541 107 22 senses

133 609 82 30 upon
232 597 100 31 Avhich
350 609 32 19 so
398 597 102 41 heavy
518 607 18 20 a
551 596 70 31 load
637 607 65 20 was
723 593 62 33 laid
805 593 68 33 that
889 593 78 41 they

134 659 90 32 could
240 665 54 26 not
310 659 113 40 flutter,
441 659 56 32 but
510 670 79 20 were
607 658 105 31 dulled
728 657 65 31 into
811 655 154 43 quietude.

135 720 61 33 She
212 720 79 33 tried
305 725 33 28 to
354 720 93 33 recall
469 720 76 32 each
561 720 86 33 Avord
668 720 56 31 her
745 719 143 31 husband
904 717 63 32 had

134 782 125 42 spoken,
293 782 60 32 and
384 782 95 31 found
505 782 68 32 that
604 782 48 32 his
684 793 93 30 every
804 785 162 27 utterance

133 855 65 19 Avas
215 855 33 19 so
265 844 140 41 stamped
422 855 83 30 upon
521 844 55 31 her
596 843 96 38 brain,
710 843 69 31 that
795 842 51 32 the
864 841 103 33 Avords

132 914 67 21 rose
227 914 41 31 up
298 902 124 43 printed
451 902 102 33 before
586 903 55 32 her
672 903 85 42 sight
784 914 34 21 as
845 902 122 41 though

132 964 74 43 they
238 969 83 27 must
352 964 117 43 always
500 965 47 31 be.
613 965 61 32 She
706 964 51 32 did
788 970 56 26 not
873 964 94 32 knoAV

132 1026 136 32 Avhether
291 1026 53 31 she
367 1026 53 32 felt
443 1026 128 42 grieved
588 1038 34 20 or
637 1031 64 36 not,
724 1027 58 31 but
798 1026 91 32 when
912 1026 55 32 she

133 1088 110 32 looked
269 1093 32 26 at
326 1088 53 32 the
404 1088 81 32 little
511 1089 93 32 silver
629 1089 103 32 medal
756 1089 111 40 which,
892 1088 75 32 with

133 1149 40 31 its
196 1148 71 32 blue
291 1148 107 32 ribbon
422 1149 63 31 had
508 1149 93 32 fallen
622 1155 32 27 to
676 1150 53 31 the
754 1150 130 41 ground,
906 1150 61 32 and

133 1208 50 42 lay
215 1209 81 31 close
332 1214 33 27 to
402 1210 51 32 the
486 1211 84 31 chair
602 1211 145 32 AA'hereon
779 1211 105 33 rested
914 1211 53 33 the

133 1282 116 29 corpse,
277 1270 53 32 she
357 1271 56 31 felt
438 1272 164 32 wondrous
628 1272 109 43 pitiful.
785 1273 105 32 When
914 1274 53 31 the

133 1331 66 31 first
220 1331 102 32 streak
347 1332 34 30 of
400 1332 141 42 daylight
565 1345 87 21 came
674 1334 52 32 the
752 1347 107 30 young
883 1336 84 31 Mar-

135 1393 86 41 quise
245 1397 53 36 got
324 1405 41 29 up
390 1393 78 32 from
496 1393 51 33 the
576 1401 68 26 seat
667 1396 128 33 AA'hence
822 1397 55 32 she
905 1398 62 32 had

133 1459 55 27 not
204 1454 109 32 stirred
336 1454 46 32 for
404 1455 107 42 nearly
528 1455 60 32 five
612 1457 104 41 hours,
739 1459 62 31 and
822 1460 51 31 did
896 1471 71 31 pre-

133 1515 94 42 cisely
253 1515 61 32 and
340 1515 224 42 mechanically
591 1517 85 32 Avhat
707 1519 54 32 she
792 1520 64 31 had
886 1520 81 33 been
