1079 1710
382 90 62 21 THE
468 91 163 20 PROPOSAL.

866 85 50 26 147

97 164 119 33 formed
227 168 14 29 ?
288 166 61 32 She
374 167 61 31 had
459 168 79 31 been
563 179 18 20 a
605 172 108 36 statue,
741 167 53 32 she
816 179 63 20 was
903 179 16 20 a

97 227 98 42 living
211 239 121 20 woman
333 247 43 4 —
377 228 102 32 where
494 241 65 19 was
575 229 182 40 Pygmalion
767 230 14 31 ?

143 289 66 31 The
236 290 164 41 Marquis's
427 290 191 42 perceptions
643 302 81 20 were
750 290 91 32 much
868 295 50 26 too

97 351 61 31 fine
185 351 45 31 for
255 351 64 31 him
341 356 52 27 not
414 356 32 27 to
468 351 158 41 recognise
648 351 51 32 the
725 352 117 40 change
868 351 50 32 the

99 411 117 32 instant
231 412 22 30 it
269 412 143 31 occurred
424 425 6 27 ;
454 413 55 30 but
529 412 52 31 the
603 424 89 19 cause
702 413 15 31 ?
738 412 50 31 the
805 424 89 19 cause
906 413 13 30 ?

99 472 51 31 He
171 473 112 40 sought
303 473 46 31 for
367 473 23 31 it
405 473 112 41 vainly,
542 473 60 31 and
623 473 73 31 then
718 473 100 31 seized
838 484 80 30 upon

98 545 19 20 a
133 534 73 31 false
223 545 66 20 one.
337 534 79 31 That
432 534 150 30 mattered
603 533 85 40 little,
706 533 46 31 for
766 533 50 31 the
832 534 85 30 work

99 606 64 21 was
179 595 77 31 clone
272 595 41 41 by
328 594 53 32 the
397 594 75 31 false
489 606 90 19 cause
602 606 91 28 every
708 594 45 31 bit
770 606 32 19 as
818 595 100 40 surely

98 667 35 20 as
149 656 23 31 it
187 655 101 31 Avould
305 655 77 31 have
403 655 78 31 been
503 654 41 41 by
560 654 53 31 the
628 659 66 26 true
711 666 64 20 one.
822 655 41 31 M.
882 655 36 31 de

99 717 166 40 Moranges
294 727 64 19 was
394 720 69 26 torn
501 715 133 31 asunder
671 715 76 31 from
788 715 129 40 himself,

98 777 102 31 forced
227 777 62 30 into
322 776 174 40 occupying
526 775 126 32 himself
676 776 76 30 with
782 776 135 40 another,

96 837 62 31 and
174 837 46 30 his
243 836 76 32 faith
341 836 31 30 in
393 835 127 32 himself
538 847 63 20 was
621 835 123 32 shaken.
791 836 50 31 He
857 848 62 19 was

97 898 153 42 fifty-five,
284 897 54 31 the
368 897 203 40 magnificent
602 897 144 40 Marquis,
780 897 59 30 and
868 897 51 31 the

97 959 127 42 Sphinx,
253 959 34 31 of
313 959 105 31 whose
450 958 174 41 possession
654 958 38 31 he
723 958 60 31 had
813 970 105 28 grown

96 1020 107 40 proud,
222 1019 88 32 could
327 1019 70 31 love
399 1038 43 3 —
443 1019 58 30 but
516 1018 89 31 loved
620 1022 54 27 not
689 1018 72 31 him.

143 1081 71 39 She,
239 1081 32 30 in
294 1080 104 31 whose
426 1079 197 41 atmosphere
648 1079 38 31 he
709 1079 53 31 felt
788 1091 69 19 hoav
881 1092 37 19 an

97 1141 225 32 indescribable
348 1140 194 40 fascination,
559 1151 63 20 Avas
646 1145 32 26 to
702 1140 62 31 him
787 1141 60 31 still
868 1141 50 31 the

96 1208 102 27 statue
211 1215 5 19 :
241 1202 38 31 he
295 1213 65 20 was
375 1206 54 27 not
444 1202 190 39 Pygmalion.

141 1264 88 32 Then
243 1263 144 41 jealousy
402 1263 143 30 tortured
565 1263 71 39 him,
659 1263 60 31 and
734 1263 38 32 he
787 1263 132 41 thought

95 1326 23 31 it
134 1337 63 20 was
215 1329 51 28 too
283 1324 75 32 late.
408 1324 63 31 But
487 1324 160 32 reassured
664 1324 39 41 by
720 1324 122 39 Olivier,
860 1324 60 32 and

94 1386 173 44 persuaded
294 1385 33 32 of
349 1385 178 33 Claudine's
553 1386 36 31 de
607 1385 86 43 facto
718 1385 124 42 fidelity,
868 1385 52 32 the

95 1448 139 42 Marquis
264 1446 144 32 clutched
434 1451 31 26 at
493 1457 56 20 one
578 1445 33 32 of
632 1446 87 32 those
746 1445 173 42 impossible

95 1511 104 40 hopes,
223 1508 102 32 which
353 1506 134 33 madden
514 1507 40 41 by
578 1507 80 32 their
683 1519 74 30 very
782 1506 138 42 impossi-

797 1574 13 12 L
826 1569 11 17 2
