1079 1710
148 61 52 27 128

378 66 82 21 LOVE
485 64 63 21 THE
572 63 162 22 AVENGER.

189 145 65 32 The
293 156 105 30 young
435 140 159 43 Marquise
625 139 113 32 looked
772 138 101 40 down,
906 136 71 41 and,

146 206 145 41 blushing
317 206 41 31 all
386 216 81 29 over,
592 202 27 32 is
646 206 55 28 not
730 201 48 31 for
922 199 55 32 she

146 267 124 43 replied,
287 267 32 30 in
334 278 19 20 a
368 266 60 32 low
443 265 96 40 voice,
587 264 23 31 it
626 263 26 32 is
668 263 47 32 for
730 274 62 31 you
804 275 6 28 ;
833 273 54 31 my
903 261 74 32 dear

145 328 98 40 uncle,
266 339 77 30 pray
364 327 37 31 do
425 331 54 27 not
503 327 38 30 be
563 337 100 30 angry
684 324 75 32 with
914 322 61 33 and

145 390 54 32 she
214 389 110 32 looked
340 388 219 42 beseechingly
575 392 32 27 at
629 387 73 32 him.
782 387 15 31 I
813 386 60 31 feel
889 385 85 32 Avhat

144 452 16 30 I
176 462 50 20 am
251 450 93 42 doing
367 455 32 27 to
424 449 37 33 be
485 461 53 31 my
554 449 77 42 duty
642 462 7 27 ;
674 449 56 31 but
753 448 24 32 it
802 448 26 31 is
856 459 18 20 a
899 459 75 30 very

144 513 77 31 hard
249 525 64 27 one,
340 512 61 31 and
426 523 63 31 you
516 516 83 27 must
624 510 134 43 promise
785 515 55 27 not
872 514 32 28 to
935 510 39 31 be

145 586 98 30 angry
258 574 75 31 with
350 585 48 20 me
410 587 7 28 ;
441 573 84 32 what
548 573 15 31 I
589 573 77 31 wish
687 577 31 27 to
740 572 96 43 speak
860 576 33 28 to
912 583 62 31 you

145 637 93 30 about
254 646 147 20 concerns
417 638 55 28 not
487 646 58 28 me,
563 634 56 31 but

219 698 87 31 Then
330 697 39 31 all
391 696 51 32 the
463 708 85 19 more
569 696 54 32 tell
644 707 50 20 me
716 695 184 42 everything
916 706 58 20 un-

374 758 116 41 replied
514 757 53 32 the
591 757 149 42 Marquis,
762 757 124 41 frankly
911 757 61 31 and

144 819 225 42 affectionately
381 832 6 27 ;
503 818 127 32 assured
652 818 69 32 that
744 819 15 30 I
782 818 79 32 shall
878 830 96 20 never

143 881 38 32 be
198 892 97 30 angry
309 880 74 32 with

376 942 101 41 began
508 941 111 40 Claire,
806 953 62 30 you
900 953 73 21 ever

144 1003 132 42 thought
293 1003 34 32 of
345 1003 52 32 the
413 1003 163 32 miserable
592 1002 157 33 condition
766 1002 35 32 of
812 1002 69 33 that
896 1015 76 31 poor

301 1063 61 32 She
389 1063 161 41 hesitated,
580 1063 61 32 and
667 1064 44 31 M.
737 1063 38 32 de
802 1064 169 42 Moranges

144 1124 110 32 looked
281 1135 33 21 as
344 1124 118 42 though
492 1124 38 32 he
558 1136 80 20 Avere
663 1124 88 32 miles
777 1136 89 31 away
892 1127 80 30 from

145 1185 261 43 comprehending
429 1185 84 32 what
538 1185 53 32 she
613 1197 64 20 Avas
701 1186 122 42 driving
837 1191 40 29 at.
956 1189 14 30 I

282 1246 53 32 she
351 1246 151 40 resumed,
634 1258 112 31 person
759 1247 70 32 who
845 1248 77 32 lives
939 1249 31 32 in

144 1320 76 30 your
246 1308 104 40 house,
368 1307 62 32 and
453 1307 103 31 whom
575 1307 54 32 the
652 1307 192 34 fashionable
872 1311 96 31 world

144 1370 56 32 has
238 1369 163 32 surnamed
430 1369 52 31 the
523 1369 118 41 Sphinx
653 1383 6 27 ;
692 1371 81 32 have
804 1384 62 30 you
897 1384 72 21 ever

144 1431 130 41 thought
290 1430 34 32 of
342 1430 53 32 the
410 1431 113 41 misery
540 1431 34 31 of
586 1431 67 32 that
668 1443 77 30 poor
761 1436 163 30 creature?

267 1492 26 33 is
315 1504 17 20 a
357 1497 124 36 strange
508 1492 118 41 subject
650 1493 46 33 for
719 1505 78 31 your
821 1494 67 43 lips,
914 1508 53 29 my
