1079 1710
110 71 51 26 204

344 76 83 22 LOVE
450 75 64 21 THE
538 73 163 22 AVENGER.

188 154 90 40 Well,
302 153 59 32 and
382 165 51 20 are
453 164 61 30 you
540 162 33 21 so
597 148 194 35 confounded
814 148 42 41 by
877 146 61 32 this

109 216 151 42 marriage
277 228 33 20 as
326 227 53 31 my
395 214 106 33 cousin
517 214 82 32 Jean
680 211 97 33 asked
793 209 145 33 Madame

109 277 38 32 de
159 277 169 42 Varignan,
346 277 122 40 adding,
518 275 71 32 You
606 275 92 31 know
713 273 83 33 Jean
812 272 57 32 has
885 276 53 27 not

109 338 76 32 been
209 349 19 20 a
253 338 87 32 week
359 338 78 31 back
458 337 80 31 from
562 335 118 34 Cochin
705 334 111 41 China,
835 332 102 33 Avhich

109 411 71 30 may
192 399 130 42 explain,
341 399 25 31 if
376 404 54 27 not
446 410 120 29 excuse,
584 398 48 32 his
644 401 138 28 extreme
796 395 141 43 capacity

109 460 34 32 of

184 522 57 31 I'm
258 533 94 20 never
368 520 155 44 surprised
536 525 31 27 at
776 519 160 33 answered

108 583 41 32 M.
168 583 36 31 de
222 584 191 31 Sauveterre.
491 583 65 31 I've
580 582 83 32 lived
687 586 51 28 too
763 581 85 42 long,
874 581 62 33 and

109 656 71 19 seen
195 649 50 27 too
261 645 91 31 much
368 644 47 32 for
429 644 67 32 that
505 658 7 27 ;
536 644 55 31 but
607 644 15 31 I
638 655 72 31 may
726 655 34 20 as
777 643 68 32 well
862 655 73 20 con-

108 705 60 32 fess
195 705 68 32 that
287 706 15 30 I
329 706 50 30 did
402 710 55 27 not
478 710 108 38 expect
602 706 31 40 it,
651 705 46 32 for
712 705 70 32 that
797 705 26 31 is
839 705 97 42 really

108 765 50 31 the
174 765 83 31 truth
259 785 42 2 —
303 766 15 30 I
335 765 50 31 did
401 770 53 27 not
470 771 109 35 expect

181 826 104 40 AVhat,
299 838 59 30 you
370 827 134 41 thought
515 827 52 32 the
579 827 201 41 magnificent
796 828 137 41 Marquis

109 888 95 31 above
233 900 59 29 any
319 900 151 20 nonsense
496 889 35 31 of
549 889 68 31 that
644 894 71 35 sort,
744 889 50 31 did
819 901 61 30 you
893 891 13 31 ?

109 949 133 40 rejoined
258 949 52 32 the
327 950 169 32 Duchesse.

185 1010 64 32 Oh!
274 1011 15 30 I
306 1011 60 41 beg
380 1016 33 27 to
429 1012 37 31 be
719 1012 99 41 urged
835 1012 41 33 M.
896 1012 37 33 de

110 1071 191 33 Sauveterre.
378 1072 102 32 When
512 1084 18 20 a
561 1073 89 41 thing
679 1073 25 32 is
736 1073 96 32 either
858 1086 75 30 very

109 1132 116 31 Avicked
252 1144 34 19 or
310 1144 75 30 very
407 1133 77 41 silly,
510 1145 56 20 one
590 1145 57 21 can
672 1133 193 33 understand
892 1135 23 32 it
926 1149 7 27 ;

109 1193 55 31 but
192 1193 60 31 this
283 1194 24 30 is
326 1205 97 21 worse
447 1194 75 32 than
553 1194 97 33 either
650 1215 43 2 —
694 1194 24 33 it
752 1195 25 32 is
805 1196 127 34 useless.

109 1254 82 33 That
206 1255 24 32 is
247 1255 82 32 what
345 1256 14 31 I
376 1256 51 32 did
442 1262 54 26 not

182 1316 44 32 Of
238 1328 114 30 course,
370 1329 59 30 you
447 1318 38 31 do
501 1323 55 27 not
572 1319 96 33 admit
690 1320 53 33 the
759 1321 173 43 possibility

110 1377 34 32 of
172 1377 85 32 there
288 1378 93 42 being
414 1390 59 30 any
498 1380 68 32 love
594 1381 30 31 in
655 1381 52 33 the

110 1439 164 41 suggested
290 1439 51 32 the
356 1451 105 30 young
475 1453 72 20 man
564 1442 69 33 who
650 1442 61 33 had
733 1444 78 32 been
836 1445 96 32 called

110 1500 104 31 cousin
230 1500 89 31 Jean.
