<?xml version="1.0" encoding="UTF-8"?>
<alto xmlns:xsi="http://www.w3.org/2001/XMLSchema-instance" xsi:noNamespaceSchemaLocation="http://www.bl.uk/schemas/alto/alto-1-4.xsd" xmlns:xlink="http://www.w3.org/1999/xlink">
	<Description>
		<MeasurementUnit>mm10</MeasurementUnit>
		<sourceImageInformation>
			<fileName>//head1/IN/2007-46/A0010888503.3/008243.jp2</fileName>
		</sourceImageInformation>
		<OCRProcessing ID="OCRPROCESSING_1">
			<preProcessingStep>
				<processingSoftware>
					<softwareCreator>CCS Content Conversion Specialists GmbH, Germany</softwareCreator>
					<softwareName>CCS docWORKS</softwareName>
					<softwareVersion>6.1-0.62</softwareVersion>
				</processingSoftware>
			</preProcessingStep>
			<ocrProcessingStep>
				<processingSoftware>
					<softwareCreator>ABBYY (BIT Software), Russia</softwareCreator>
					<softwareName>Finereader</softwareName>
				</processingSoftware>
			</ocrProcessingStep>
		</OCRProcessing>
	</Description>
	<Styles>
		<TextStyle ID="TXT_0" FONTSIZE="11" FONTFAMILY="Courier New"/>
		<TextStyle ID="TXT_1" FONTSIZE="9" FONTFAMILY="Courier New"/>
		<ParagraphStyle ID="PAR_RIGHT" ALIGN="Right"/>
		<ParagraphStyle ID="PAR_LEFT" ALIGN="Left"/>
	</Styles>
	<Layout>
		<Page ID="P257" PHYSICAL_IMG_NR="257" HEIGHT="1710" WIDTH="1079" PRINTED_IMG_NR="247" POSITION="Right" ACCURACY="74.58">
			<TopMargin ID="P257_TM00001" HPOS="0" VPOS="0" WIDTH="1078" HEIGHT="115">
				<TextBlock ID="P257_TB00001" HPOS="862" VPOS="88" WIDTH="50" HEIGHT="25" STYLEREFS="TXT_0 PAR_RIGHT">
					<TextLine ID="P257_TL00001" HPOS="862" VPOS="88" WIDTH="50" HEIGHT="25">
						<String ID="P257_ST00001" HPOS="862" VPOS="88" WIDTH="50" HEIGHT="25" CONTENT="247" WC="1.00" CC="000"/>
					</TextLine>
				</TextBlock>
				<TextBlock ID="P257_TB00002" HPOS="291" VPOS="93" WIDTH="437" HEIGHT="22" STYLEREFS="TXT_1 PAR_LEFT">
					<TextLine ID="P257_TL00002" HPOS="292" VPOS="94" WIDTH="436" HEIGHT="21">
						<String ID="P257_ST00002" HPOS="292" VPOS="94" WIDTH="152" HEIGHT="21" CONTENT="FREEDOM" WC="0.61" CC="7541700"/>
						<SP ID="P257_SP00001" HPOS="444" VPOS="115" WIDTH="23"/>
						<String ID="P257_ST00003" HPOS="467" VPOS="94" WIDTH="71" HEIGHT="21" CONTENT="AVON" WC="0.75" CC="0009"/>
						<SP ID="P257_SP00002" HPOS="538" VPOS="115" WIDTH="22"/>
						<String ID="P257_ST00004" HPOS="560" VPOS="94" WIDTH="66" HEIGHT="21" CONTENT="AND" WC="0.42" CC="097"/>
						<SP ID="P257_SP00003" HPOS="626" VPOS="115" WIDTH="22"/>
						<String ID="P257_ST00005" HPOS="648" VPOS="94" WIDTH="80" HEIGHT="21" CONTENT="LOST." WC="0.87" CC="20400"/>
					</TextLine>
				</TextBlock>
			</TopMargin>
			<LeftMargin ID="P257_LM00001" HPOS="0" VPOS="115" WIDTH="99" HEIGHT="1441"/>
			<RightMargin ID="P257_RM00001" HPOS="919" VPOS="115" WIDTH="159" HEIGHT="1441"/>
			<BottomMargin ID="P257_BM00001" HPOS="0" VPOS="1556" WIDTH="1078" HEIGHT="154"/>
			<PrintSpace ID="P257_PS00001" HPOS="99" VPOS="115" WIDTH="820" HEIGHT="1441">
				<TextBlock ID="P257_TB00003" HPOS="99" VPOS="167" WIDTH="819" HEIGHT="412" STYLEREFS="TXT_1 PAR_LEFT">
					<TextLine ID="P257_TL00003" HPOS="101" VPOS="167" WIDTH="814" HEIGHT="45">
						<String ID="P257_ST00006" HPOS="101" VPOS="167" WIDTH="181" HEIGHT="44" CONTENT="alternately" WC="0.84" CC="00007206000"/>
						<SP ID="P257_SP00004" HPOS="282" VPOS="211" WIDTH="26"/>
						<String ID="P257_ST00007" HPOS="308" VPOS="170" WIDTH="201" HEIGHT="42" CONTENT="boisterously" WC="0.67" CC="604210416560"/>
						<SP ID="P257_SP00005" HPOS="509" VPOS="212" WIDTH="27"/>
						<String ID="P257_ST00008" HPOS="536" VPOS="182" WIDTH="60" HEIGHT="30" CONTENT="gay" WC="1.00" CC="000"/>
						<SP ID="P257_SP00006" HPOS="596" VPOS="212" WIDTH="32"/>
						<String ID="P257_ST00009" HPOS="628" VPOS="170" WIDTH="43" HEIGHT="42" CONTENT="(as" WC="0.68" CC="305"/>
						<SP ID="P257_SP00007" HPOS="671" VPOS="212" WIDTH="24"/>
						<String ID="P257_ST00010" HPOS="695" VPOS="181" WIDTH="63" HEIGHT="20" CONTENT="was" WC="0.88" CC="003"/>
						<SP ID="P257_SP00008" HPOS="758" VPOS="212" WIDTH="30"/>
						<String ID="P257_ST00011" HPOS="788" VPOS="174" WIDTH="54" HEIGHT="26" CONTENT="not" WC="0.56" CC="705"/>
						<SP ID="P257_SP00009" HPOS="842" VPOS="212" WIDTH="26"/>
						<String ID="P257_ST00012" HPOS="868" VPOS="169" WIDTH="47" HEIGHT="31" CONTENT="his" WC="0.45" CC="734"/>
					</TextLine>
					<TextLine ID="P257_TL00004" HPOS="101" VPOS="231" WIDTH="817" HEIGHT="43">
						<String ID="P257_ST00013" HPOS="101" VPOS="231" WIDTH="92" HEIGHT="41" CONTENT="wont)" WC="0.75" CC="05700"/>
						<SP ID="P257_SP00010" HPOS="193" VPOS="272" WIDTH="29"/>
						<String ID="P257_ST00014" HPOS="222" VPOS="243" WIDTH="32" HEIGHT="20" CONTENT="or" WC="0.73" CC="05"/>
						<SP ID="P257_SP00011" HPOS="254" VPOS="272" WIDTH="30"/>
						<String ID="P257_ST00015" HPOS="284" VPOS="232" WIDTH="172" HEIGHT="33" CONTENT="abstracted" WC="0.80" CC="0730400202"/>
						<String ID="P257_ST00016" HPOS="467" VPOS="246" WIDTH="6" HEIGHT="27" CONTENT=";" WC="1.00" CC="0"/>
						<SP ID="P257_SP00012" HPOS="473" VPOS="273" WIDTH="34"/>
						<String ID="P257_ST00017" HPOS="507" VPOS="232" WIDTH="59" HEIGHT="32" CONTENT="and" WC="0.73" CC="061"/>
						<SP ID="P257_SP00013" HPOS="566" VPOS="273" WIDTH="26"/>
						<String ID="P257_ST00018" HPOS="592" VPOS="232" WIDTH="108" HEIGHT="42" CONTENT="during" WC="0.68" CC="066050"/>
						<SP ID="P257_SP00014" HPOS="700" VPOS="274" WIDTH="29"/>
						<String ID="P257_ST00019" HPOS="729" VPOS="232" WIDTH="47" HEIGHT="32" CONTENT="his" WC="0.46" CC="752"/>
						<SP ID="P257_SP00015" HPOS="776" VPOS="274" WIDTH="30"/>
						<String ID="P257_ST00020" HPOS="806" VPOS="232" WIDTH="49" HEIGHT="31" CONTENT="fits" WC="0.78" CC="1104"/>
						<SP ID="P257_SP00016" HPOS="855" VPOS="274" WIDTH="31"/>
						<String ID="P257_ST00021" HPOS="886" VPOS="231" WIDTH="32" HEIGHT="31" CONTENT="of" WC="0.66" CC="24"/>
					</TextLine>
					<TextLine ID="P257_TL00005" HPOS="101" VPOS="293" WIDTH="813" HEIGHT="43">
						<String ID="P257_ST00022" HPOS="101" VPOS="293" WIDTH="186" HEIGHT="32" CONTENT="abstraction" WC="0.81" CC="06500000107"/>
						<SP ID="P257_SP00017" HPOS="287" VPOS="325" WIDTH="30"/>
						<String ID="P257_ST00023" HPOS="317" VPOS="294" WIDTH="61" HEIGHT="31" CONTENT="had" WC="0.75" CC="700"/>
						<SP ID="P257_SP00018" HPOS="378" VPOS="325" WIDTH="39"/>
						<String ID="P257_ST00024" HPOS="417" VPOS="306" WIDTH="120" HEIGHT="30" CONTENT="anyone" WC="0.60" CC="670072"/>
						<SP ID="P257_SP00019" HPOS="537" VPOS="336" WIDTH="30"/>
						<String ID="P257_ST00025" HPOS="567" VPOS="294" WIDTH="140" HEIGHT="32" CONTENT="watched" WC="0.76" CC="0000708"/>
						<SP ID="P257_SP00020" HPOS="707" VPOS="336" WIDTH="35"/>
						<String ID="P257_ST00026" HPOS="742" VPOS="294" WIDTH="63" HEIGHT="31" CONTENT="him" WC="0.30" CC="758"/>
						<SP ID="P257_SP00021" HPOS="805" VPOS="336" WIDTH="36"/>
						<String ID="P257_ST00027" HPOS="841" VPOS="293" WIDTH="73" HEIGHT="41" CONTENT="they" WC="0.81" CC="0700"/>
					</TextLine>
					<TextLine ID="P257_TL00006" HPOS="101" VPOS="354" WIDTH="814" HEIGHT="43">
						<String ID="P257_ST00028" HPOS="101" VPOS="354" WIDTH="103" HEIGHT="31" CONTENT="Avould" WC="0.54" CC="990700"/>
						<SP ID="P257_SP00022" HPOS="204" VPOS="385" WIDTH="19"/>
						<String ID="P257_ST00029" HPOS="223" VPOS="354" WIDTH="79" HEIGHT="33" CONTENT="have" WC="0.67" CC="7050"/>
						<SP ID="P257_SP00023" HPOS="302" VPOS="387" WIDTH="25"/>
						<String ID="P257_ST00030" HPOS="327" VPOS="366" WIDTH="72" HEIGHT="21" CONTENT="seen" WC="0.67" CC="5007"/>
						<SP ID="P257_SP00024" HPOS="399" VPOS="387" WIDTH="33"/>
						<String ID="P257_ST00031" HPOS="432" VPOS="355" WIDTH="48" HEIGHT="32" CONTENT="his" WC="0.50" CC="734"/>
						<SP ID="P257_SP00025" HPOS="480" VPOS="387" WIDTH="29"/>
						<String ID="P257_ST00032" HPOS="509" VPOS="355" WIDTH="113" HEIGHT="42" CONTENT="fingers" WC="0.87" CC="0000044"/>
						<SP ID="P257_SP00026" HPOS="622" VPOS="397" WIDTH="31"/>
						<String ID="P257_ST00033" HPOS="653" VPOS="355" WIDTH="75" HEIGHT="32" CONTENT="steal" WC="0.86" CC="70000"/>
						<SP ID="P257_SP00027" HPOS="728" VPOS="397" WIDTH="37"/>
						<String ID="P257_ST00034" HPOS="765" VPOS="354" WIDTH="62" HEIGHT="32" CONTENT="into" WC="0.57" CC="5604"/>
						<SP ID="P257_SP00028" HPOS="827" VPOS="397" WIDTH="36"/>
						<String ID="P257_ST00035" HPOS="863" VPOS="354" WIDTH="52" HEIGHT="32" CONTENT="the" WC="0.77" CC="060"/>
					</TextLine>
					<TextLine ID="P257_TL00007" HPOS="101" VPOS="415" WIDTH="814" HEIGHT="42">
						<String ID="P257_ST00036" HPOS="101" VPOS="415" WIDTH="227" HEIGHT="42" CONTENT="breast-pocket" WC="0.85" CC="1602402000001"/>
						<SP ID="P257_SP00029" HPOS="328" VPOS="457" WIDTH="32"/>
						<String ID="P257_ST00037" HPOS="360" VPOS="416" WIDTH="33" HEIGHT="31" CONTENT="of" WC="1.00" CC="00"/>
						<SP ID="P257_SP00030" HPOS="393" VPOS="457" WIDTH="23"/>
						<String ID="P257_ST00038" HPOS="416" VPOS="416" WIDTH="46" HEIGHT="31" CONTENT="his" WC="0.39" CC="764"/>
						<SP ID="P257_SP00031" HPOS="462" VPOS="457" WIDTH="33"/>
						<String ID="P257_ST00039" HPOS="495" VPOS="420" WIDTH="69" HEIGHT="28" CONTENT="coat" WC="0.83" CC="0005"/>
						<SP ID="P257_SP00032" HPOS="564" VPOS="457" WIDTH="35"/>
						<String ID="P257_ST00040" HPOS="599" VPOS="427" WIDTH="32" HEIGHT="21" CONTENT="as" WC="0.81" CC="03"/>
						<SP ID="P257_SP00033" HPOS="631" VPOS="457" WIDTH="35"/>
						<String ID="P257_ST00041" HPOS="666" VPOS="415" WIDTH="118" HEIGHT="41" CONTENT="though" WC="0.57" CC="470607"/>
						<SP ID="P257_SP00034" HPOS="784" VPOS="457" WIDTH="32"/>
						<String ID="P257_ST00042" HPOS="816" VPOS="420" WIDTH="31" HEIGHT="26" CONTENT="to" WC="0.81" CC="03"/>
						<SP ID="P257_SP00035" HPOS="847" VPOS="457" WIDTH="31"/>
						<String ID="P257_ST00043" HPOS="878" VPOS="415" WIDTH="37" HEIGHT="31" CONTENT="be" WC="1.00" CC="00"/>
					</TextLine>
					<TextLine ID="P257_TL00008" HPOS="101" VPOS="476" WIDTH="815" HEIGHT="43">
						<String ID="P257_ST00044" HPOS="101" VPOS="477" WIDTH="127" HEIGHT="31" CONTENT="assured" WC="0.66" CC="0556500"/>
						<SP ID="P257_SP00036" HPOS="228" VPOS="508" WIDTH="32"/>
						<String ID="P257_ST00045" HPOS="260" VPOS="477" WIDTH="34" HEIGHT="31" CONTENT="of" WC="1.00" CC="00"/>
						<SP ID="P257_SP00037" HPOS="294" VPOS="508" WIDTH="22"/>
						<String ID="P257_ST00046" HPOS="316" VPOS="477" WIDTH="51" HEIGHT="31" CONTENT="the" WC="0.75" CC="070"/>
						<SP ID="P257_SP00038" HPOS="367" VPOS="508" WIDTH="30"/>
						<String ID="P257_ST00047" HPOS="397" VPOS="488" WIDTH="145" HEIGHT="31" CONTENT="presence" WC="0.90" CC="04010200"/>
						<SP ID="P257_SP00039" HPOS="542" VPOS="519" WIDTH="29"/>
						<String ID="P257_ST00048" HPOS="571" VPOS="476" WIDTH="34" HEIGHT="32" CONTENT="of" WC="0.84" CC="30"/>
						<SP ID="P257_SP00040" HPOS="605" VPOS="519" WIDTH="31"/>
						<String ID="P257_ST00049" HPOS="636" VPOS="476" WIDTH="172" HEIGHT="41" CONTENT="something" WC="0.68" CC="620047600"/>
						<SP ID="P257_SP00041" HPOS="808" VPOS="519" WIDTH="35"/>
						<String ID="P257_ST00050" HPOS="843" VPOS="487" WIDTH="73" HEIGHT="30" CONTENT="very" WC="0.89" CC="0040"/>
					</TextLine>
					<TextLine ID="P257_TL00009" HPOS="102" VPOS="538" WIDTH="148" HEIGHT="41">
						<String ID="P257_ST00051" HPOS="102" VPOS="538" WIDTH="148" HEIGHT="41" CONTENT="precious." WC="0.75" CC="000052670"/>
					</TextLine>
				</TextBlock>
				<TextBlock ID="P257_TB00004" HPOS="100" VPOS="598" WIDTH="816" HEIGHT="529" STYLEREFS="TXT_1 PAR_LEFT">
					<TextLine ID="P257_TL00010" HPOS="145" VPOS="598" WIDTH="771" HEIGHT="32">
						<String ID="P257_ST00052" HPOS="145" VPOS="599" WIDTH="88" HEIGHT="31" CONTENT="After" WC="0.99" CC="00000"/>
						<SP ID="P257_SP00042" HPOS="233" VPOS="630" WIDTH="32"/>
						<String ID="P257_ST00053" HPOS="265" VPOS="599" WIDTH="106" HEIGHT="31" CONTENT="dinner" WC="0.66" CC="336700"/>
						<SP ID="P257_SP00043" HPOS="371" VPOS="630" WIDTH="29"/>
						<String ID="P257_ST00054" HPOS="400" VPOS="599" WIDTH="49" HEIGHT="31" CONTENT="his" WC="0.53" CC="706"/>
						<SP ID="P257_SP00044" HPOS="449" VPOS="630" WIDTH="34"/>
						<String ID="P257_ST00055" HPOS="483" VPOS="599" WIDTH="87" HEIGHT="31" CONTENT="uncle" WC="0.73" CC="74001"/>
						<SP ID="P257_SP00045" HPOS="570" VPOS="630" WIDTH="32"/>
						<String ID="P257_ST00056" HPOS="602" VPOS="599" WIDTH="72" HEIGHT="31" CONTENT="took" WC="1.00" CC="0000"/>
						<SP ID="P257_SP00046" HPOS="674" VPOS="630" WIDTH="37"/>
						<String ID="P257_ST00057" HPOS="711" VPOS="598" WIDTH="138" HEIGHT="32" CONTENT="occasion" WC="0.65" CC="30066056"/>
						<SP ID="P257_SP00047" HPOS="849" VPOS="630" WIDTH="36"/>
						<String ID="P257_ST00058" HPOS="885" VPOS="602" WIDTH="31" HEIGHT="27" CONTENT="to" WC="0.69" CC="60"/>
					</TextLine>
					<TextLine ID="P257_TL00011" HPOS="104" VPOS="659" WIDTH="812" HEIGHT="43">
						<String ID="P257_ST00059" HPOS="104" VPOS="660" WIDTH="110" HEIGHT="31" CONTENT="inform" WC="0.88" CC="200500"/>
						<SP ID="P257_SP00048" HPOS="214" VPOS="691" WIDTH="25"/>
						<String ID="P257_ST00060" HPOS="239" VPOS="661" WIDTH="72" HEIGHT="39" CONTENT="him," WC="0.72" CC="7011"/>
						<SP ID="P257_SP00049" HPOS="311" VPOS="700" WIDTH="27"/>
						<String ID="P257_ST00061" HPOS="338" VPOS="661" WIDTH="88" HEIGHT="30" CONTENT="while" WC="0.67" CC="07601"/>
						<SP ID="P257_SP00050" HPOS="426" VPOS="700" WIDTH="24"/>
						<String ID="P257_ST00062" HPOS="450" VPOS="660" WIDTH="74" HEIGHT="42" CONTENT="they" WC="0.81" CC="0700"/>
						<SP ID="P257_SP00051" HPOS="524" VPOS="702" WIDTH="25"/>
						<String ID="P257_ST00063" HPOS="549" VPOS="660" WIDTH="87" HEIGHT="31" CONTENT="stood" WC="0.83" CC="60020"/>
						<SP ID="P257_SP00052" HPOS="636" VPOS="702" WIDTH="24"/>
						<String ID="P257_ST00064" HPOS="660" VPOS="671" WIDTH="18" HEIGHT="20" CONTENT="a" WC="1.00" CC="0"/>
						<SP ID="P257_SP00053" HPOS="678" VPOS="702" WIDTH="30"/>
						<String ID="P257_ST00065" HPOS="708" VPOS="660" WIDTH="56" HEIGHT="31" CONTENT="few" WC="1.00" CC="000"/>
						<SP ID="P257_SP00054" HPOS="764" VPOS="702" WIDTH="24"/>
						<String ID="P257_ST00066" HPOS="788" VPOS="659" WIDTH="128" HEIGHT="32" CONTENT="minutes" WC="0.68" CC="0074206"/>
					</TextLine>
					<TextLine ID="P257_TL00012" HPOS="104" VPOS="721" WIDTH="812" HEIGHT="41">
						<String ID="P257_ST00067" HPOS="104" VPOS="722" WIDTH="141" HEIGHT="40" CONTENT="together" WC="0.81" CC="00000707"/>
						<SP ID="P257_SP00055" HPOS="245" VPOS="762" WIDTH="35"/>
						<String ID="P257_ST00068" HPOS="280" VPOS="722" WIDTH="60" HEIGHT="30" CONTENT="and" WC="0.82" CC="050"/>
						<SP ID="P257_SP00056" HPOS="340" VPOS="762" WIDTH="38"/>
						<String ID="P257_ST00069" HPOS="378" VPOS="722" WIDTH="94" HEIGHT="39" CONTENT="alone," WC="0.90" CC="000500"/>
						<SP ID="P257_SP00057" HPOS="472" VPOS="762" WIDTH="32"/>
						<String ID="P257_ST00070" HPOS="504" VPOS="721" WIDTH="68" HEIGHT="31" CONTENT="that" WC="0.40" CC="6736"/>
						<SP ID="P257_SP00058" HPOS="572" VPOS="762" WIDTH="33"/>
						<String ID="P257_ST00071" HPOS="605" VPOS="721" WIDTH="160" HEIGHT="31" CONTENT="Fourchon" WC="0.63" CC="40730706"/>
						<SP ID="P257_SP00059" HPOS="765" VPOS="762" WIDTH="30"/>
						<String ID="P257_ST00072" HPOS="795" VPOS="721" WIDTH="59" HEIGHT="30" CONTENT="had" WC="0.66" CC="720"/>
						<SP ID="P257_SP00060" HPOS="854" VPOS="762" WIDTH="30"/>
						<String ID="P257_ST00073" HPOS="884" VPOS="732" WIDTH="32" HEIGHT="19" CONTENT="so" WC="0.70" CC="50"/>
					</TextLine>
					<TextLine ID="P257_TL00013" HPOS="101" VPOS="782" WIDTH="814" HEIGHT="42">
						<String ID="P257_ST00074" HPOS="101" VPOS="784" WIDTH="180" HEIGHT="40" CONTENT="immensely" WC="0.81" CC="500065000"/>
						<SP ID="P257_SP00061" HPOS="281" VPOS="824" WIDTH="37"/>
						<String ID="P257_ST00075" HPOS="318" VPOS="783" WIDTH="152" HEIGHT="31" CONTENT="benefited" WC="0.88" CC="005000400"/>
						<SP ID="P257_SP00062" HPOS="470" VPOS="824" WIDTH="29"/>
						<String ID="P257_ST00076" HPOS="499" VPOS="782" WIDTH="143" HEIGHT="31" CONTENT="Madame" WC="0.73" CC="060710"/>
						<SP ID="P257_SP00063" HPOS="642" VPOS="824" WIDTH="33"/>
						<String ID="P257_ST00077" HPOS="675" VPOS="782" WIDTH="143" HEIGHT="31" CONTENT="Claudine" WC="0.65" CC="61060362"/>
						<SP ID="P257_SP00064" HPOS="818" VPOS="824" WIDTH="31"/>
						<String ID="P257_ST00078" HPOS="849" VPOS="782" WIDTH="66" HEIGHT="31" CONTENT="that" WC="0.65" CC="3721"/>
					</TextLine>
					<TextLine ID="P257_TL00014" HPOS="101" VPOS="842" WIDTH="815" HEIGHT="34">
						<String ID="P257_ST00079" HPOS="101" VPOS="844" WIDTH="54" HEIGHT="32" CONTENT="her" WC="0.55" CC="706"/>
						<SP ID="P257_SP00065" HPOS="155" VPOS="876" WIDTH="24"/>
						<String ID="P257_ST00080" HPOS="179" VPOS="856" WIDTH="70" HEIGHT="19" CONTENT="cure" WC="0.75" CC="0720"/>
						<SP ID="P257_SP00066" HPOS="249" VPOS="876" WIDTH="16"/>
						<String ID="P257_ST00081" HPOS="265" VPOS="855" WIDTH="63" HEIGHT="20" CONTENT="was" WC="0.97" CC="000"/>
						<SP ID="P257_SP00067" HPOS="328" VPOS="876" WIDTH="24"/>
						<String ID="P257_ST00082" HPOS="352" VPOS="848" WIDTH="32" HEIGHT="26" CONTENT="to" WC="1.00" CC="00"/>
						<SP ID="P257_SP00068" HPOS="384" VPOS="876" WIDTH="15"/>
						<String ID="P257_ST00083" HPOS="399" VPOS="844" WIDTH="39" HEIGHT="30" CONTENT="be" WC="0.69" CC="60"/>
						<SP ID="P257_SP00069" HPOS="438" VPOS="876" WIDTH="23"/>
						<String ID="P257_ST00084" HPOS="461" VPOS="843" WIDTH="176" HEIGHT="31" CONTENT="considered" WC="0.70" CC="0366210009"/>
						<SP ID="P257_SP00070" HPOS="637" VPOS="876" WIDTH="24"/>
						<String ID="P257_ST00085" HPOS="661" VPOS="843" WIDTH="110" HEIGHT="31" CONTENT="almost" WC="0.71" CC="052260"/>
						<SP ID="P257_SP00071" HPOS="771" VPOS="876" WIDTH="31"/>
						<String ID="P257_ST00086" HPOS="802" VPOS="842" WIDTH="114" HEIGHT="31" CONTENT="certain" WC="0.77" CC="0071007"/>
					</TextLine>
					<TextLine ID="P257_TL00015" HPOS="103" VPOS="904" WIDTH="813" HEIGHT="41">
						<String ID="P257_ST00087" HPOS="103" VPOS="906" WIDTH="73" HEIGHT="30" CONTENT="with" WC="0.61" CC="0707"/>
						<SP ID="P257_SP00072" HPOS="176" VPOS="936" WIDTH="24"/>
						<String ID="P257_ST00088" HPOS="200" VPOS="905" WIDTH="72" HEIGHT="31" CONTENT="time" WC="0.65" CC="5430"/>
						<SP ID="P257_SP00073" HPOS="272" VPOS="936" WIDTH="26"/>
						<String ID="P257_ST00089" HPOS="298" VPOS="905" WIDTH="60" HEIGHT="31" CONTENT="and" WC="0.78" CC="060"/>
						<SP ID="P257_SP00074" HPOS="358" VPOS="936" WIDTH="27"/>
						<String ID="P257_ST00090" HPOS="385" VPOS="916" WIDTH="76" HEIGHT="28" CONTENT="care," WC="0.71" CC="08600"/>
						<SP ID="P257_SP00075" HPOS="461" VPOS="944" WIDTH="26"/>
						<String ID="P257_ST00091" HPOS="487" VPOS="904" WIDTH="61" HEIGHT="31" CONTENT="and" WC="0.76" CC="070"/>
						<SP ID="P257_SP00076" HPOS="548" VPOS="944" WIDTH="22"/>
						<String ID="P257_ST00092" HPOS="570" VPOS="904" WIDTH="66" HEIGHT="31" CONTENT="that" WC="0.69" CC="0704"/>
						<SP ID="P257_SP00077" HPOS="636" VPOS="944" WIDTH="24"/>
						<String ID="P257_ST00093" HPOS="660" VPOS="904" WIDTH="66" HEIGHT="30" CONTENT="that" WC="0.63" CC="0661"/>
						<SP ID="P257_SP00078" HPOS="726" VPOS="944" WIDTH="24"/>
						<String ID="P257_ST00094" HPOS="750" VPOS="904" WIDTH="91" HEIGHT="41" CONTENT="being" WC="0.73" CC="50170"/>
						<SP ID="P257_SP00079" HPOS="841" VPOS="945" WIDTH="22"/>
						<String ID="P257_ST00095" HPOS="863" VPOS="904" WIDTH="53" HEIGHT="30" CONTENT="the" WC="0.59" CC="560"/>
					</TextLine>
					<TextLine ID="P257_TL00016" HPOS="104" VPOS="964" WIDTH="811" HEIGHT="41">
						<String ID="P257_ST00096" HPOS="104" VPOS="978" WIDTH="78" HEIGHT="27" CONTENT="case," WC="0.83" CC="00502"/>
						<SP ID="P257_SP00080" HPOS="182" VPOS="1005" WIDTH="26"/>
						<String ID="P257_ST00097" HPOS="208" VPOS="966" WIDTH="52" HEIGHT="30" CONTENT="the" WC="0.60" CC="470"/>
						<SP ID="P257_SP00081" HPOS="260" VPOS="1005" WIDTH="27"/>
						<String ID="P257_ST00098" HPOS="287" VPOS="966" WIDTH="98" HEIGHT="30" CONTENT="banns" WC="0.52" CC="05764"/>
						<SP ID="P257_SP00082" HPOS="385" VPOS="1005" WIDTH="31"/>
						<String ID="P257_ST00099" HPOS="416" VPOS="976" WIDTH="78" HEIGHT="19" CONTENT="were" WC="0.93" CC="0020"/>
						<SP ID="P257_SP00083" HPOS="494" VPOS="1005" WIDTH="25"/>
						<String ID="P257_ST00100" HPOS="519" VPOS="969" WIDTH="32" HEIGHT="26" CONTENT="to" WC="0.86" CC="02"/>
						<SP ID="P257_SP00084" HPOS="551" VPOS="1005" WIDTH="30"/>
						<String ID="P257_ST00101" HPOS="581" VPOS="965" WIDTH="37" HEIGHT="30" CONTENT="be" WC="0.66" CC="60"/>
						<SP ID="P257_SP00085" HPOS="618" VPOS="1005" WIDTH="27"/>
						<String ID="P257_ST00102" HPOS="645" VPOS="964" WIDTH="158" HEIGHT="41" CONTENT="published" WC="0.63" CC="086415700"/>
						<SP ID="P257_SP00086" HPOS="803" VPOS="1005" WIDTH="33"/>
						<String ID="P257_ST00103" HPOS="836" VPOS="964" WIDTH="30" HEIGHT="30" CONTENT="in" WC="0.45" CC="37"/>
						<SP ID="P257_SP00087" HPOS="866" VPOS="1005" WIDTH="32"/>
						<String ID="P257_ST00104" HPOS="898" VPOS="976" WIDTH="17" HEIGHT="19" CONTENT="a" WC="1.00" CC="0"/>
					</TextLine>
					<TextLine ID="P257_TL00017" HPOS="105" VPOS="1024" WIDTH="810" HEIGHT="44">
						<String ID="P257_ST00105" HPOS="105" VPOS="1027" WIDTH="107" HEIGHT="41" CONTENT="couple" WC="0.86" CC="007000"/>
						<SP ID="P257_SP00088" HPOS="212" VPOS="1068" WIDTH="17"/>
						<String ID="P257_ST00106" HPOS="229" VPOS="1026" WIDTH="34" HEIGHT="30" CONTENT="of" WC="0.74" CC="40"/>
						<SP ID="P257_SP00089" HPOS="263" VPOS="1068" WIDTH="11"/>
						<String ID="P257_ST00107" HPOS="274" VPOS="1026" WIDTH="83" HEIGHT="40" CONTENT="days," WC="0.78" CC="01072"/>
						<SP ID="P257_SP00090" HPOS="357" VPOS="1068" WIDTH="17"/>
						<String ID="P257_ST00108" HPOS="374" VPOS="1025" WIDTH="51" HEIGHT="31" CONTENT="the" WC="0.74" CC="070"/>
						<SP ID="P257_SP00091" HPOS="425" VPOS="1068" WIDTH="24"/>
						<String ID="P257_ST00109" HPOS="449" VPOS="1024" WIDTH="235" HEIGHT="32" CONTENT="advertisement" WC="0.76" CC="0000612500076"/>
						<SP ID="P257_SP00092" HPOS="684" VPOS="1068" WIDTH="15"/>
						<String ID="P257_ST00110" HPOS="699" VPOS="1028" WIDTH="31" HEIGHT="27" CONTENT="at" WC="1.00" CC="00"/>
						<SP ID="P257_SP00093" HPOS="730" VPOS="1068" WIDTH="15"/>
						<String ID="P257_ST00111" HPOS="745" VPOS="1025" WIDTH="52" HEIGHT="30" CONTENT="the" WC="0.75" CC="070"/>
						<SP ID="P257_SP00094" HPOS="797" VPOS="1068" WIDTH="16"/>
						<String ID="P257_ST00112" HPOS="813" VPOS="1024" WIDTH="102" HEIGHT="31" CONTENT="mairie" WC="0.76" CC="003630"/>
					</TextLine>
					<TextLine ID="P257_TL00018" HPOS="101" VPOS="1084" WIDTH="651" HEIGHT="43">
						<String ID="P257_ST00113" HPOS="101" VPOS="1088" WIDTH="94" HEIGHT="39" CONTENT="being" WC="0.71" CC="70070"/>
						<SP ID="P257_SP00095" HPOS="195" VPOS="1127" WIDTH="14"/>
						<String ID="P257_ST00114" HPOS="209" VPOS="1092" WIDTH="32" HEIGHT="26" CONTENT="to" WC="0.58" CC="61"/>
						<SP ID="P257_SP00096" HPOS="241" VPOS="1127" WIDTH="16"/>
						<String ID="P257_ST00115" HPOS="257" VPOS="1087" WIDTH="37" HEIGHT="30" CONTENT="be" WC="0.85" CC="20"/>
						<SP ID="P257_SP00097" HPOS="294" VPOS="1127" WIDTH="17"/>
						<String ID="P257_ST00116" HPOS="311" VPOS="1085" WIDTH="108" HEIGHT="42" CONTENT="posted" WC="0.92" CC="004000"/>
						<SP ID="P257_SP00098" HPOS="419" VPOS="1127" WIDTH="18"/>
						<String ID="P257_ST00117" HPOS="437" VPOS="1097" WIDTH="38" HEIGHT="30" CONTENT="up" WC="0.69" CC="60"/>
						<SP ID="P257_SP00099" HPOS="475" VPOS="1127" WIDTH="17"/>
						<String ID="P257_ST00118" HPOS="492" VPOS="1096" WIDTH="39" HEIGHT="20" CONTENT="on" WC="0.67" CC="06"/>
						<SP ID="P257_SP00100" HPOS="531" VPOS="1127" WIDTH="14"/>
						<String ID="P257_ST00119" HPOS="545" VPOS="1084" WIDTH="53" HEIGHT="32" CONTENT="the" WC="0.70" CC="071"/>
						<SP ID="P257_SP00101" HPOS="598" VPOS="1127" WIDTH="16"/>
						<String ID="P257_ST00120" HPOS="614" VPOS="1096" WIDTH="138" HEIGHT="20" CONTENT="morrow." WC="0.68" CC="0036092"/>
					</TextLine>
				</TextBlock>
				<TextBlock ID="P257_TB00005" HPOS="102" VPOS="1145" WIDTH="814" HEIGHT="104" STYLEREFS="TXT_1 PAR_LEFT">
					<TextLine ID="P257_TL00019" HPOS="147" VPOS="1145" WIDTH="769" HEIGHT="43">
						<String ID="P257_ST00121" HPOS="147" VPOS="1148" WIDTH="114" HEIGHT="33" CONTENT="Olivier" WC="0.84" CC="0006400"/>
						<SP ID="P257_SP00102" HPOS="261" VPOS="1181" WIDTH="25"/>
						<String ID="P257_ST00122" HPOS="286" VPOS="1146" WIDTH="160" HEIGHT="42" CONTENT="expressed" WC="0.88" CC="000006400"/>
						<SP ID="P257_SP00103" HPOS="446" VPOS="1188" WIDTH="30"/>
						<String ID="P257_ST00123" HPOS="476" VPOS="1145" WIDTH="116" HEIGHT="42" CONTENT="delight," WC="0.74" CC="00100774"/>
						<SP ID="P257_SP00104" HPOS="592" VPOS="1188" WIDTH="25"/>
						<String ID="P257_ST00124" HPOS="617" VPOS="1149" WIDTH="31" HEIGHT="28" CONTENT="at" WC="0.80" CC="03"/>
						<SP ID="P257_SP00105" HPOS="648" VPOS="1188" WIDTH="27"/>
						<String ID="P257_ST00125" HPOS="675" VPOS="1145" WIDTH="50" HEIGHT="32" CONTENT="the" WC="0.75" CC="070"/>
						<SP ID="P257_SP00106" HPOS="725" VPOS="1188" WIDTH="22"/>
						<String ID="P257_ST00126" HPOS="747" VPOS="1157" WIDTH="169" HEIGHT="20" CONTENT="announce" SUBS_TYPE="HypPart1" SUBS_CONTENT="announcement." WC="0.74" CC="066037000"/>
						<HYP CONTENT="-"/>
					</TextLine>
					<TextLine ID="P257_TL00020" HPOS="102" VPOS="1205" WIDTH="621" HEIGHT="44">
						<String ID="P257_ST00127" HPOS="102" VPOS="1214" WIDTH="93" HEIGHT="28" CONTENT="ment." SUBS_TYPE="HypPart2" SUBS_CONTENT="announcement." WC="0.93" CC="00101"/>
						<SP ID="P257_SP00107" HPOS="195" VPOS="1242" WIDTH="49"/>
						<String ID="P257_ST00128" HPOS="244" VPOS="1207" WIDTH="202" HEIGHT="42" CONTENT="(Everything" WC="0.76" CC="20006047030"/>
						<SP ID="P257_SP00108" HPOS="446" VPOS="1249" WIDTH="15"/>
						<String ID="P257_ST00129" HPOS="461" VPOS="1206" WIDTH="153" HEIGHT="41" CONTENT="delighted" WC="0.85" CC="005007000"/>
						<SP ID="P257_SP00109" HPOS="614" VPOS="1249" WIDTH="16"/>
						<String ID="P257_ST00130" HPOS="630" VPOS="1206" WIDTH="62" HEIGHT="31" CONTENT="him" WC="0.56" CC="660"/>
						<String ID="P257_ST00131" HPOS="705" VPOS="1205" WIDTH="18" HEIGHT="42" CONTENT="!)" WC="0.63" CC="34"/>
					</TextLine>
				</TextBlock>
				<TextBlock ID="P257_TB00006" HPOS="101" VPOS="1267" WIDTH="818" HEIGHT="289" STYLEREFS="TXT_1 PAR_LEFT">
					<TextLine ID="P257_TL00021" HPOS="147" VPOS="1267" WIDTH="770" HEIGHT="43">
						<String ID="P257_ST00132" HPOS="147" VPOS="1270" WIDTH="103" HEIGHT="32" CONTENT="When" WC="0.71" CC="0703"/>
						<SP ID="P257_SP00110" HPOS="250" VPOS="1302" WIDTH="22"/>
						<String ID="P257_ST00133" HPOS="272" VPOS="1269" WIDTH="53" HEIGHT="31" CONTENT="the" WC="0.72" CC="070"/>
						<SP ID="P257_SP00111" HPOS="325" VPOS="1302" WIDTH="24"/>
						<String ID="P257_ST00134" HPOS="349" VPOS="1269" WIDTH="59" HEIGHT="30" CONTENT="last" WC="0.69" CC="0065"/>
						<SP ID="P257_SP00112" HPOS="408" VPOS="1302" WIDTH="22"/>
						<String ID="P257_ST00135" HPOS="430" VPOS="1272" WIDTH="89" HEIGHT="37" CONTENT="guest" WC="0.78" CC="02043"/>
						<SP ID="P257_SP00113" HPOS="519" VPOS="1309" WIDTH="15"/>
						<String ID="P257_ST00136" HPOS="534" VPOS="1279" WIDTH="62" HEIGHT="19" CONTENT="was" WC="0.98" CC="000"/>
						<SP ID="P257_SP00114" HPOS="596" VPOS="1309" WIDTH="25"/>
						<String ID="P257_ST00137" HPOS="621" VPOS="1267" WIDTH="159" HEIGHT="42" CONTENT="departing" WC="0.84" CC="000050350"/>
						<SP ID="P257_SP00115" HPOS="780" VPOS="1309" WIDTH="25"/>
						<String ID="P257_ST00138" HPOS="805" VPOS="1268" WIDTH="33" HEIGHT="42" CONTENT="(it" WC="0.60" CC="343"/>
						<SP ID="P257_SP00116" HPOS="838" VPOS="1310" WIDTH="15"/>
						<String ID="P257_ST00139" HPOS="853" VPOS="1280" WIDTH="64" HEIGHT="19" CONTENT="was" WC="1.00" CC="000"/>
					</TextLine>
					<TextLine ID="P257_TL00022" HPOS="102" VPOS="1328" WIDTH="817" HEIGHT="42">
						<String ID="P257_ST00140" HPOS="102" VPOS="1333" WIDTH="141" HEIGHT="31" CONTENT="between" WC="0.84" CC="4000006"/>
						<SP ID="P257_SP00117" HPOS="243" VPOS="1364" WIDTH="25"/>
						<String ID="P257_ST00141" HPOS="268" VPOS="1331" WIDTH="105" HEIGHT="31" CONTENT="eleven" WC="0.78" CC="060006"/>
						<SP ID="P257_SP00118" HPOS="373" VPOS="1364" WIDTH="31"/>
						<String ID="P257_ST00142" HPOS="404" VPOS="1329" WIDTH="59" HEIGHT="31" CONTENT="and" WC="0.80" CC="050"/>
						<SP ID="P257_SP00119" HPOS="463" VPOS="1364" WIDTH="25"/>
						<String ID="P257_ST00143" HPOS="488" VPOS="1328" WIDTH="129" HEIGHT="42" CONTENT="twelve)," WC="0.85" CC="05050000"/>
						<SP ID="P257_SP00120" HPOS="617" VPOS="1370" WIDTH="28"/>
						<String ID="P257_ST00144" HPOS="645" VPOS="1330" WIDTH="16" HEIGHT="12" CONTENT='"' WC="0.55" CC="4"/>
						<SP ID="P257_SP00121" HPOS="661" VPOS="1370" WIDTH="13"/>
						<String ID="P257_ST00145" HPOS="674" VPOS="1329" WIDTH="81" HEIGHT="41" CONTENT="Stay," WC="0.70" CC="73004"/>
						<SP ID="P257_SP00122" HPOS="755" VPOS="1370" WIDTH="25"/>
						<String ID="P257_ST00146" HPOS="780" VPOS="1329" WIDTH="139" HEIGHT="40" CONTENT='Olivier,"' WC="0.93" CC="000020201"/>
					</TextLine>
					<TextLine ID="P257_TL00023" HPOS="105" VPOS="1390" WIDTH="813" HEIGHT="45">
						<String ID="P257_ST00147" HPOS="105" VPOS="1392" WIDTH="173" HEIGHT="43" CONTENT="whispered" WC="0.79" CC="072500300"/>
						<SP ID="P257_SP00123" HPOS="278" VPOS="1435" WIDTH="25"/>
						<String ID="P257_ST00148" HPOS="303" VPOS="1391" WIDTH="47" HEIGHT="31" CONTENT="his" WC="0.44" CC="753"/>
						<SP ID="P257_SP00124" HPOS="350" VPOS="1435" WIDTH="27"/>
						<String ID="P257_ST00149" HPOS="377" VPOS="1390" WIDTH="88" HEIGHT="31" CONTENT="uncle" WC="0.72" CC="76000"/>
						<String ID="P257_ST00150" HPOS="478" VPOS="1403" WIDTH="5" HEIGHT="27" CONTENT=";" WC="1.00" CC="0"/>
						<SP ID="P257_SP00125" HPOS="483" VPOS="1435" WIDTH="26"/>
						<String ID="P257_ST00151" HPOS="509" VPOS="1391" WIDTH="16" HEIGHT="14" CONTENT='"' WC="0.23" CC="7"/>
						<SP ID="P257_SP00126" HPOS="525" VPOS="1435" WIDTH="12"/>
						<String ID="P257_ST00152" HPOS="537" VPOS="1390" WIDTH="15" HEIGHT="30" CONTENT="I" WC="1.00" CC="0"/>
						<SP ID="P257_SP00127" HPOS="552" VPOS="1435" WIDTH="24"/>
						<String ID="P257_ST00153" HPOS="576" VPOS="1401" WIDTH="88" HEIGHT="20" CONTENT="mean" WC="0.89" CC="0004"/>
						<SP ID="P257_SP00128" HPOS="664" VPOS="1435" WIDTH="24"/>
						<String ID="P257_ST00154" HPOS="688" VPOS="1402" WIDTH="60" HEIGHT="29" CONTENT="you" WC="0.85" CC="004"/>
						<SP ID="P257_SP00129" HPOS="748" VPOS="1435" WIDTH="21"/>
						<String ID="P257_ST00155" HPOS="769" VPOS="1395" WIDTH="31" HEIGHT="26" CONTENT="to" WC="1.00" CC="00"/>
						<SP ID="P257_SP00130" HPOS="800" VPOS="1435" WIDTH="24"/>
						<String ID="P257_ST00156" HPOS="824" VPOS="1391" WIDTH="94" HEIGHT="31" CONTENT="shake" WC="0.80" CC="27000"/>
					</TextLine>
					<TextLine ID="P257_TL00024" HPOS="102" VPOS="1450" WIDTH="816" HEIGHT="43">
						<String ID="P257_ST00157" HPOS="102" VPOS="1454" WIDTH="99" HEIGHT="33" CONTENT="hands" WC="0.59" CC="70606"/>
						<SP ID="P257_SP00131" HPOS="201" VPOS="1487" WIDTH="26"/>
						<String ID="P257_ST00158" HPOS="227" VPOS="1452" WIDTH="73" HEIGHT="32" CONTENT="with" WC="0.48" CC="9307"/>
						<SP ID="P257_SP00132" HPOS="300" VPOS="1487" WIDTH="22"/>
						<String ID="P257_ST00159" HPOS="322" VPOS="1463" WIDTH="77" HEIGHT="30" CONTENT="your" WC="0.75" CC="0153"/>
						<SP ID="P257_SP00133" HPOS="399" VPOS="1493" WIDTH="22"/>
						<String ID="P257_ST00160" HPOS="421" VPOS="1450" WIDTH="99" HEIGHT="32" CONTENT="future" WC="0.72" CC="060450"/>
						<SP ID="P257_SP00134" HPOS="520" VPOS="1493" WIDTH="22"/>
						<String ID="P257_ST00161" HPOS="542" VPOS="1455" WIDTH="80" HEIGHT="27" CONTENT="aunt." WC="0.71" CC="06430"/>
						<SP ID="P257_SP00135" HPOS="622" VPOS="1493" WIDTH="47"/>
						<String ID="P257_ST00162" HPOS="669" VPOS="1451" WIDTH="15" HEIGHT="30" CONTENT="I" WC="0.63" CC="3"/>
						<SP ID="P257_SP00136" HPOS="684" VPOS="1493" WIDTH="24"/>
						<String ID="P257_ST00163" HPOS="708" VPOS="1450" WIDTH="75" HEIGHT="31" CONTENT="wish" WC="0.66" CC="0426"/>
						<SP ID="P257_SP00137" HPOS="783" VPOS="1493" WIDTH="23"/>
						<String ID="P257_ST00164" HPOS="806" VPOS="1463" WIDTH="60" HEIGHT="28" CONTENT="you" WC="0.64" CC="046"/>
						<SP ID="P257_SP00138" HPOS="866" VPOS="1493" WIDTH="20"/>
						<String ID="P257_ST00165" HPOS="886" VPOS="1456" WIDTH="32" HEIGHT="27" CONTENT="to" WC="0.76" CC="04"/>
					</TextLine>
					<TextLine ID="P257_TL00025" HPOS="102" VPOS="1512" WIDTH="816" HEIGHT="44">
						<String ID="P257_ST00166" HPOS="102" VPOS="1518" WIDTH="54" HEIGHT="33" CONTENT="tell" WC="0.72" CC="6022"/>
						<SP ID="P257_SP00139" HPOS="156" VPOS="1551" WIDTH="16"/>
						<String ID="P257_ST00167" HPOS="172" VPOS="1517" WIDTH="55" HEIGHT="31" CONTENT="her" WC="0.61" CC="704"/>
						<SP ID="P257_SP00140" HPOS="227" VPOS="1551" WIDTH="23"/>
						<String ID="P257_ST00168" HPOS="250" VPOS="1525" WIDTH="77" HEIGHT="31" CONTENT="your" WC="0.69" CC="0056"/>
						<SP ID="P257_SP00141" HPOS="327" VPOS="1556" WIDTH="26"/>
						<String ID="P257_ST00169" HPOS="353" VPOS="1512" WIDTH="186" HEIGHT="32" CONTENT="satisfaction" WC="0.85" CC="402130001004"/>
						<SP ID="P257_SP00142" HPOS="539" VPOS="1556" WIDTH="21"/>
						<String ID="P257_ST00170" HPOS="560" VPOS="1517" WIDTH="32" HEIGHT="27" CONTENT="at" WC="0.93" CC="01"/>
						<SP ID="P257_SP00143" HPOS="592" VPOS="1556" WIDTH="23"/>
						<String ID="P257_ST00171" HPOS="615" VPOS="1513" WIDTH="83" HEIGHT="31" CONTENT="what" WC="0.78" CC="0701"/>
						<SP ID="P257_SP00144" HPOS="698" VPOS="1556" WIDTH="25"/>
						<String ID="P257_ST00172" HPOS="723" VPOS="1513" WIDTH="15" HEIGHT="31" CONTENT="I" WC="1.00" CC="0"/>
						<SP ID="P257_SP00145" HPOS="738" VPOS="1556" WIDTH="20"/>
						<String ID="P257_ST00173" HPOS="758" VPOS="1512" WIDTH="77" HEIGHT="31" CONTENT="have" WC="0.83" CC="6000"/>
						<SP ID="P257_SP00146" HPOS="835" VPOS="1556" WIDTH="19"/>
						<String ID="P257_ST00174" HPOS="854" VPOS="1512" WIDTH="64" HEIGHT="41" CONTENT="just" WC="0.60" CC="0762"/>
					</TextLine>
				</TextBlock>
			</PrintSpace>
		</Page>
	</Layout>
</alto>
