1062 1607
493 53 26 15 11

51 113 77 25 those
149 115 106 21 earnest
270 110 177 33 God-fearing
469 119 60 16 men
545 110 27 25 in
591 111 86 25 whom
700 120 73 16 some
795 112 29 24 of
843 112 46 25 the
911 112 59 25 best

53 149 106 29 aspects
171 145 29 25 of
211 144 166 25 Puritanism
392 153 44 16 are
454 149 28 20 to
496 145 33 24 be
550 153 72 16 seen.
661 145 51 24 His
725 145 45 25 life
788 154 56 16 was
858 154 114 17 answer-

52 181 60 24 able
133 184 28 20 to
181 180 41 24 his
242 178 174 32 professions,
431 178 54 25 and
506 178 85 25 hence
610 178 46 25 the
675 179 96 30 people
790 179 53 25 had
862 179 66 25 faith
942 180 27 24 in

53 215 63 28 him,
130 222 29 16 so
172 214 59 23 that
244 213 42 24 his
297 213 139 31 judgment
450 220 56 17 was
519 212 98 25 almost
630 220 12 16 a
658 212 52 24 law
723 216 28 21 to
764 213 81 24 them.
881 214 30 23 In
926 213 45 24 the

53 257 63 24 year
136 249 62 30 1605
211 247 46 24 the
271 247 86 31 Angel
370 246 28 24 of
409 246 89 24 Death
512 246 99 31 reaped
630 254 15 16 a
658 246 88 32 heavy
762 246 109 24 harvest
884 248 27 22 in
925 247 46 24 the

52 282 64 25 then
130 281 67 25 little
219 284 81 21 town.
337 280 60 24 The
414 280 147 31 pestilence
582 280 82 24 broke
683 283 46 20 out
751 280 26 23 in
797 280 46 24 the
865 288 105 16 narrow

53 315 92 33 wynds
159 314 53 25 and
226 319 122 20 tortuous
361 322 130 24 passages
504 313 30 25 of
549 314 45 24 the
608 317 78 21 town.
723 314 59 24 One
799 313 59 24 fifth
878 314 29 24 of
923 314 46 25 the

53 350 166 25 inhabitants
232 348 69 25 died.
339 348 107 24 Bourne
464 356 55 16 was
533 350 46 22 not
595 356 51 16 one
658 347 28 25 of
702 347 77 24 those
792 347 180 25 fair-weather

54 384 106 28 friends,
179 383 48 24 but
250 382 81 32 clung
351 385 29 21 to
397 381 40 25 his
459 385 62 28 post
547 381 27 24 in
596 381 45 25 the
665 381 81 24 fever-
751 381 117 24 stricken
888 385 82 25 town,

54 417 145 33 preaching
217 416 54 24 and
289 415 143 32 exhorting
451 415 68 24 until
536 415 47 24 the
605 415 62 25 mob
689 415 111 24 became
822 415 96 32 unruly
942 416 28 24 in

53 452 45 24 the
116 458 127 25 presence
259 449 28 25 of
304 449 88 30 death,
407 450 52 24 and
473 449 63 25 then
558 449 33 25 he
608 453 71 20 went
693 449 53 24 and
763 449 136 31 preached
912 449 27 24 in
954 458 15 16 a

54 486 60 24 field
128 492 64 17 near
204 488 28 20 to
249 484 137 25 Shooter's
405 484 83 24 brook
491 498 31 3 —
525 483 82 24 about
621 482 78 25 Bank
713 483 60 30 Top
775 497 32 3 —
808 483 46 24 the
874 486 96 22 towns-

53 519 94 32 people
160 518 78 32 being
252 526 32 15 on
299 525 50 16 one
368 517 57 24 side
437 517 29 24 of
481 517 55 24 him
551 516 53 25 and
622 516 46 25 the
690 520 116 28 country
817 517 98 31 people
933 525 35 16 on

54 553 44 25 the
111 552 83 25 other.
232 552 129 23 Bourne's
374 552 74 30 piety
464 559 55 15 was
533 558 29 16 so
574 551 60 23 well
646 551 97 23 known
754 550 56 24 that
824 550 21 24 if
856 559 38 16 we
907 558 64 25 may

54 587 101 24 believe
163 586 45 24 the
216 585 90 33 gossip
315 585 28 24 of
351 585 46 23 the
405 585 62 23 time
477 585 46 23 the
532 593 64 22 very
601 585 85 23 devils
694 592 69 16 were
773 584 85 24 afraid
869 585 29 23 of
905 585 65 24 him.

55 621 22 24 A
99 620 102 25 certain
217 619 78 25 tailor
316 619 27 24 in
358 618 172 24 Manchester
544 622 53 20 met
613 627 15 15 a
642 626 62 16 man
726 618 59 24 who
808 618 83 25 asked
913 618 56 25 him

54 658 27 21 to
94 654 77 25 make
183 662 16 16 a
212 653 52 25 suit
281 652 28 25 of
326 652 110 25 clothes.
480 652 160 32 Something
661 652 114 24 aroused
797 651 48 25 the
866 652 102 25 tailor's

54 689 158 31 suspicions,
230 687 52 25 and
303 687 34 24 he
354 686 123 25 confided
497 690 27 20 to
547 686 50 24 Mr.
619 686 108 24 Bourne
746 686 42 24 his
810 686 81 24 belief
908 686 60 26 that

54 722 45 24 the
119 723 134 22 unknown
271 724 135 21 customer
425 728 55 16 was
497 728 33 16 no
549 720 52 24 less
618 720 66 24 than
706 720 45 24 the
771 720 79 24 Devil
861 723 4 21 !
911 721 58 24 The

54 756 118 31 parson's
200 755 94 24 advice
326 762 56 16 was
408 754 59 24 that
495 754 33 24 he
560 754 97 24 should
685 757 44 21 cut
755 757 46 21 out
827 754 45 24 the
897 755 72 24 cloth

54 798 71 24 upon
144 798 14 15 a
178 789 76 24 sheet
271 788 27 24 of
315 796 94 23 paper,
431 788 53 24 and
504 788 33 24 be
555 788 176 31 particularly
751 788 99 23 careful
872 792 46 21 not
940 792 29 21 to

51 824 55 24 lose
127 831 66 16 even
214 831 15 15 a
247 822 87 25 shred.
371 822 35 24 At
428 822 46 24 the
492 822 150 31 appointed
663 822 66 23 time
749 822 46 23 the
814 822 79 24 tailor
906 822 63 25 took

51 857 46 25 the
109 857 101 25 clothes
222 861 28 19 to
262 856 46 24 the
320 855 148 32 appointed
482 860 70 27 spot,
562 855 69 32 good
641 856 45 23 Mr.
701 855 108 24 Bourne
822 856 150 33 remaining

52 891 26 24 in
91 891 45 25 the
149 891 121 24 distance
288 894 27 20 to
327 889 89 25 watch
431 898 130 24 progress.
599 889 58 24 The
670 889 69 24 devil
759 889 26 24 in
799 889 45 25 the
856 890 115 25 likeness

50 925 30 24 of
95 933 16 16 a
124 933 61 16 man
199 933 75 15 came
287 924 144 31 according
444 927 27 21 to
484 923 125 32 promise,
620 923 53 24 and
694 923 76 25 when
793 923 33 25 he
849 925 122 24 received

51 958 41 24 his
111 959 52 23 suit
183 958 33 24 he
241 957 148 25 exclaimed
400 966 5 15 :
409 972 30 3 —
470 957 53 30 Oh,
542 957 100 32 yonder
666 957 21 25 is
709 957 118 30 Bourne,
848 957 47 33 thy
909 958 62 33 holy

51 992 85 24 father
145 992 59 24 who
214 992 65 24 hath
290 991 150 25 instructed
449 991 61 24 thee
519 992 72 23 what
602 994 28 22 to
641 991 33 25 do
740 991 36 25 So
786 992 34 24 he
828 992 142 29 vanished,

50 1027 20 23 it
84 1027 21 23 is
117 1025 143 33 gratifying
272 1029 28 20 to
309 1025 88 29 know,
410 1025 112 24 without
536 1025 99 32 having
649 1025 69 24 done
728 1033 52 25 any
793 1026 76 23 harm
884 1030 27 20 to
924 1027 46 24 the

51 1068 65 24 poor
129 1060 86 24 tailor.

85 1093 111 25 Neither
215 1093 127 24 Bourne's
355 1094 74 31 piety
442 1100 48 16 nor
508 1093 41 23 his
562 1093 102 31 ability,
678 1101 48 16 nor
745 1093 45 24 the
803 1094 166 32 recognition

51 1127 29 25 of
95 1127 41 25 his
149 1136 89 23 power
250 1131 27 20 to
291 1127 114 32 frighten
425 1135 67 16 even
512 1126 45 24 the
574 1126 79 29 devil,
673 1127 95 24 served
777 1131 28 20 to
823 1128 78 31 place
914 1128 55 25 him

51 1162 26 24 in
91 1162 44 24 the
153 1161 131 24 warden's
297 1165 66 20 seat.
398 1160 60 25 The
470 1160 76 25 office
558 1169 55 16 was
631 1161 79 31 given
723 1165 28 20 to
765 1170 15 15 a
794 1161 176 31 Scotchman,

51 1196 95 24 named
160 1196 117 31 Murray,
291 1194 29 25 of
339 1195 90 24 whose
450 1202 146 23 arrogance
619 1195 73 24 there
712 1203 45 16 are
776 1203 73 17 some
862 1196 109 24 curious

51 1230 148 23 evidences.
221 1229 44 24 He
276 1236 66 17 once
354 1228 133 31 preached
498 1227 90 25 before
599 1228 70 31 King
677 1229 99 32 James,
785 1229 67 24 from
865 1230 78 24 Rom.
952 1231 17 23 i.

51 1264 62 28 xvi.,
150 1264 10 23 I
176 1271 42 16 am
232 1266 45 21 not
292 1263 128 23 ashamed
433 1262 29 24 of
473 1262 45 24 the
530 1262 93 32 gospel
635 1262 28 24 of
828 1264 90 24 When
937 1264 34 24 he

51 1305 75 17 came
145 1297 67 24 after
224 1297 45 24 the
282 1297 102 24 service
400 1300 28 20 to
442 1296 55 24 kiss
509 1296 45 23 the
574 1296 93 32 King's
683 1296 96 29 hands,
792 1297 100 33 James,
905 1298 64 24 with

51 1339 72 16 more
141 1330 74 25 truth
229 1330 66 24 than
314 1330 146 32 politeness
479 1330 57 24 said
585 1330 78 23 Thou
683 1334 40 20 art
739 1334 45 20 not
804 1330 129 26 ashamed
946 1331 27 25 of

53 1365 44 25 the
111 1365 91 32 gospel
215 1363 28 26 of
260 1364 100 29 Christ,
378 1364 47 24 but
446 1363 45 25 the
513 1364 91 31 gospel
623 1363 29 25 of
668 1363 90 25 Christ
778 1373 62 24 may
862 1366 57 24 well
940 1366 33 25 be

52 1399 128 25 ashamed
193 1398 28 25 of
363 1398 112 32 Murray
485 1406 55 15 was
552 1397 29 24 of
597 1406 33 15 an
641 1398 152 25 avaricious
806 1399 53 24 and
873 1400 100 31 suspic-

52 1433 58 24 ious
123 1436 104 24 nature,
246 1432 53 25 and
316 1432 71 24 lived
401 1432 26 24 in
447 1431 140 25 continual
600 1431 83 25 dread
705 1432 29 24 of
750 1433 103 30 poison,
873 1441 29 16 so
915 1434 58 24 that

52 1467 41 24 his
105 1470 122 21 servants
240 1474 68 16 were
321 1466 91 24 forced
426 1468 27 22 to
462 1468 71 22 taste
546 1464 28 26 of
585 1466 65 24 each
664 1466 60 24 dish
738 1466 90 24 before
840 1467 33 24 he
886 1468 87 24 would

50 1505 45 21 eat
114 1509 29 17 or
161 1501 86 25 drink.
284 1500 44 24 He
342 1499 134 30 preached
495 1499 63 30 only
575 1499 79 25 twice
672 1500 26 24 in
719 1500 182 29 Manchester,
920 1502 53 25 and
