1079 1710
277 91 23 20 A
322 91 118 22 SINNER
462 92 61 21 BUT
545 92 42 22 NO
610 92 99 22 SAINT.

866 88 34 25 51

82 165 43 31 M.
144 164 37 32 de
199 165 194 42 Beauvoisin,
411 167 82 32 since
510 167 83 32 what
614 167 111 43 passed
747 167 32 32 in
794 166 107 33 earlier

83 226 84 42 days.
228 227 57 42 My
618 228 64 43 (she
713 228 99 32 added
840 227 61 32 this

82 287 75 32 with
173 288 92 32 much
282 289 84 41 quiet
383 289 127 43 dignity,
528 289 60 32 and
603 289 52 32 did
670 294 53 27 not
739 289 94 32 evade
848 289 53 32 the

82 354 168 37 parentage
281 350 75 31 with
387 350 52 32 the
781 362 18 19 a
828 362 73 30 very

84 410 122 42 worthy
228 422 82 29 man,
335 411 31 31 in
391 412 77 41 spite
493 411 34 32 of
546 412 46 31 his
615 412 158 31 weakness
798 411 55 42 (for
879 410 22 32 it

84 482 64 21 was
173 482 18 21 a
217 471 170 43 weakness)
405 472 31 31 in
458 472 155 42 marrying
637 472 138 40 Camille,
801 471 60 32 and
887 471 14 32 I

84 532 73 32 dare
181 544 55 31 say
251 544 76 31 poor
349 533 127 32 Camille
493 533 62 31 will
577 533 69 31 lead
668 545 18 19 a
708 545 72 30 very
802 544 99 20 exem-

85 593 88 41 plary
189 592 50 32 life
256 593 30 31 in
302 593 53 31 the

247 653 141 32 husband
403 665 63 20 was
489 653 191 43 desperately
695 654 31 31 in
747 654 67 31 love
829 653 73 32 with

84 713 62 40 her,
164 713 15 32 I
333 713 65 32 said
414 713 106 41 Henri,
538 714 31 31 in
585 725 18 21 a
617 725 67 30 way
700 713 100 32 which
815 713 87 32 made

82 774 85 32 Mile.
195 774 143 41 Mourjon
365 774 132 41 imagine
527 774 38 32 he
598 774 89 32 knew
716 785 82 21 more
828 774 74 32 than

82 834 54 32 she
152 845 62 21 was
231 845 101 21 aware
353 834 39 32 of.
439 834 174 33 Frankness
637 835 151 41 appeared
810 840 32 26 to
865 835 37 31 be

83 896 54 32 her
163 907 65 29 cue,
246 896 61 32 and
333 907 33 21 so
390 895 125 42 looking
532 895 102 33 Count
656 895 126 42 Dupont
804 895 31 31 in
850 895 52 32 the

82 956 74 40 face,
160 976 43 3 —

157 1018 16 31 I
189 1017 78 32 have
280 1028 19 21 a
310 1022 87 37 great
541 1017 64 32 said
621 1017 62 40 she,
697 1016 74 32 with
787 1016 113 32 sudden

81 1079 175 40 animation,
300 1083 33 27 to
348 1078 54 32 tell
416 1090 61 31 you
493 1078 51 32 the
560 1078 99 32 Avhole
675 1083 84 37 story
775 1077 33 33 of
819 1077 81 33 Avhat

81 1140 146 31 occurred
243 1151 94 20 seven
351 1151 88 30 years

199 1201 88 31 think
316 1201 17 31 I
362 1201 91 31 know
556 1201 39 32 he
625 1200 122 43 replied,
773 1201 60 31 and
855 1212 45 20 re-

80 1261 127 42 gaining
244 1261 170 32 somewhat
454 1261 33 32 of
519 1261 51 32 the
608 1262 119 42 ground
764 1261 38 32 he
839 1261 61 32 had

80 1324 69 31 lost.

183 1385 61 31 will
260 1390 128 26 venture
403 1389 31 28 to
451 1396 55 30 say
521 1396 61 31 you
605 1385 38 32 do
767 1385 132 31 retorted

79 1446 140 43 Aspasie,
245 1446 147 42 warmly;
427 1447 77 31 "I'll
529 1451 125 27 venture
685 1450 32 28 to
748 1458 54 29 say
832 1446 67 31 that

78 1519 61 31 you
155 1519 51 21 are
222 1508 31 32 in
269 1508 119 42 perfect
402 1508 164 42 ignorance
590 1508 33 32 of
641 1508 53 32 the
719 1507 180 41 obligations

747 1573 15 14 E
776 1569 11 18 2
