1079 1710
209 86 143 22 LIGHTLY
375 88 129 27 LOVING,
526 89 144 22 LIGHTLY
693 90 80 21 LOST.

866 84 35 26 75

81 161 89 33 those
203 163 97 32 which
335 164 109 32 should
480 170 139 27 emanate
655 166 70 41 only
749 165 78 31 from
863 177 38 19 an

83 223 199 34 enthusiastic
299 230 115 27 nature.

128 285 67 32 Still
222 286 144 32 Madame
389 287 177 32 Beaudouin
594 288 102 31 would
732 292 54 27 not
813 287 87 31 allow

81 345 117 33 herself
216 351 31 27 to
264 349 157 31 condemn.

160 408 70 32 You
261 421 79 20 were
366 410 145 42 unhappy
536 415 30 26 at
744 410 52 31 she
827 409 72 40 said,

84 470 286 42 compassionately,
393 471 88 31 when
505 471 111 32 Berthe
642 471 59 31 had
716 471 64 31 told
802 471 55 30 her
872 469 33 33 of

84 530 56 31 her
154 531 121 32 mother
290 532 115 40 having
421 533 69 31 died
505 532 89 32 when
611 532 53 32 she
680 544 62 20 was
759 544 17 20 a
791 532 86 32 child.

158 592 16 31 I
205 604 63 19 was
298 604 73 29 very
406 593 92 31 much
525 593 71 31 hurt
621 594 42 40 by
692 605 52 29 my
777 593 125 31 father's

85 653 113 30 second
416 654 113 41 replied
551 655 121 31 Berthe.
819 659 82 37 step-

84 714 120 31 mother
234 726 63 19 was
322 726 103 30 young
444 715 60 31 and
531 715 226 42 good-looking,
785 716 59 31 and
873 715 32 32 of

84 786 105 20 course
211 775 117 31 wished
344 780 31 27 to
401 787 114 31 appear
529 781 32 27 to
577 776 181 42 advantage,
775 776 59 32 and
850 776 52 33 dicl

82 839 53 27 not
162 835 61 31 like
250 848 19 19 a
289 836 57 41 girl
372 837 34 31 of
424 837 138 32 fourteen
587 849 33 20 or
646 837 102 32 fifteen
772 842 32 27 to
830 837 72 32 look

82 896 85 40 after,
186 896 60 32 and
273 896 32 31 in
329 908 19 19 a
371 897 106 41 couple
495 897 33 31 of
550 909 88 29 years
665 898 70 31 take
761 902 52 27 out
838 897 64 31 into

80 957 53 32 the
156 958 96 31 world
253 976 42 4 —
297 958 24 31 it
336 969 63 20 was
425 958 120 31 natural
569 970 38 20 on
634 958 55 32 her
713 963 67 37 part
781 977 43 3 —
824 958 16 31 I
863 958 38 31 do

80 1023 55 27 not
151 1018 100 32 blame
375 1019 97 42 (Aunt
494 1019 188 32 Clementine
699 1018 121 32 seemed
836 1023 32 27 at
883 1030 19 20 a

81 1079 62 31 loss
168 1084 32 27 to
228 1080 187 31 understand
441 1080 111 41 clearly
575 1080 83 31 what
681 1080 61 31 this
772 1079 126 41 meant),

112 1139 56 33 but
192 1140 23 32 it
231 1152 63 20 was
311 1152 18 21 a
344 1141 178 32 misfortune
549 1140 46 33 for
610 1153 58 28 me,
686 1140 59 33 and
760 1140 52 32 the
829 1140 72 42 only

80 1213 70 31 way
175 1201 34 33 of
227 1202 122 42 getting
374 1203 47 31 rid
444 1203 34 31 of
496 1215 49 20 me
570 1214 62 20 was
656 1207 32 27 to
714 1207 56 38 put
793 1214 48 20 me
868 1207 32 27 to

80 1263 104 32 school
196 1277 6 27 ;
239 1263 84 32 there
359 1264 16 31 I
405 1264 77 31 staid
510 1265 45 31 till
581 1276 52 30 my
659 1264 152 42 marriage
826 1264 74 31 with

79 1326 43 31 M.
141 1326 37 31 de
195 1326 156 31 Mottefort
352 1346 42 2 —
396 1326 15 30 I
427 1338 63 19 was

251 1400 76 30 your
351 1388 140 31 husband
557 1388 139 41 inquired
719 1388 107 41 gently
846 1388 54 32 her

78 1450 133 30 listener.

153 1510 51 33 He
242 1522 63 21 was
339 1510 94 41 thirty
471 1521 88 30 years
597 1510 84 32 older
710 1510 74 31 than
