1079 1710
214 83 65 22 THE
302 84 90 22 DARK
416 86 136 22 SHADOW
575 87 110 21 PASSES
708 87 105 21 AWAY.

869 81 52 26 165

105 159 85 32 niece
215 161 122 32 seemed
360 166 32 27 to
414 174 50 20 see
484 168 126 27 matters
639 163 78 32 from
741 175 19 20 a
787 162 136 32 different

104 221 86 40 point
206 221 34 32 of
251 222 86 32 view.

149 282 66 32 The
253 287 136 28 moment
420 283 99 32 Claire
551 284 139 31 confided
718 289 33 26 to
781 284 143 31 Madame

108 342 180 33 Beaudouin
305 343 83 32 what
404 345 43 31 M.
465 344 37 32 de
519 346 165 40 Moranges
700 357 62 19 was
778 346 93 31 about
894 350 32 26 to

109 403 47 41 do,
174 404 60 32 and
253 405 52 31 the
326 405 100 42 injury
442 405 108 41 which,
569 406 163 41 according
754 411 31 26 to
808 406 63 40 her,
888 406 38 31 he

109 465 102 32 would
243 466 124 31 commit
405 466 120 41 against
557 467 172 41 struggling
760 467 96 31 virtue
886 467 42 41 by

109 525 72 33 thus
197 526 173 42 rewarding
385 526 110 42 frailty,
513 527 86 31 Aunt
615 526 188 32 Clementine
819 527 108 31 under-

110 587 87 31 stood
212 587 84 31 what
318 587 24 31 it
358 599 63 19 was
442 587 52 32 the
510 588 138 41 Marquis
672 587 61 31 had
756 588 120 31 alluded
895 593 33 26 to

110 647 31 32 in
157 647 47 32 his
220 652 103 27 recent
339 647 212 32 conversation
567 647 73 32 with
657 647 62 41 her,
738 648 60 31 and
812 647 116 42 though

110 707 55 33 she
188 707 237 42 acknowledged
451 707 39 32 he
513 707 61 32 had
589 707 63 32 told
674 707 55 32 her
744 707 80 42 truly
839 708 89 32 when

109 768 40 32 he
177 768 66 32 told
273 768 55 32 her
359 768 52 32 she
443 768 88 32 could
561 773 54 26 not
640 768 109 32 defend
778 768 72 39 him,
877 769 51 31 she

110 828 124 33 showed
257 828 116 33 herself
392 829 158 41 unAvilling
572 834 32 27 to
619 829 38 32 be
674 829 159 31 othenvise
856 828 73 32 than

109 889 123 33 lenient.
281 890 61 32 She
373 902 63 20 saw
466 889 148 42 mentally
643 889 103 32 before
784 889 55 31 her
876 889 53 31 the

110 951 118 32 altered
252 951 66 31 face
343 950 34 32 of
403 950 52 32 the
482 950 147 41 Marquis,
657 950 61 31 and
742 950 130 41 guessed
899 954 30 27 at

110 1011 94 33 much
221 1010 100 32 which
346 1010 39 32 he
400 1010 102 32 would
523 1010 79 32 have
629 1010 69 32 died
728 1022 107 19 sooner
855 1010 74 32 than

110 1084 91 20 avow
217 1077 32 27 to
266 1071 111 33 mortal
392 1083 81 21 man.

155 1135 87 31 Aunt
258 1132 217 33 Clementine's
500 1132 50 32 life
571 1143 64 21 was
660 1132 96 42 really
773 1132 59 31 and
856 1132 73 31 defi-

111 1195 94 42 nitely
222 1193 110 33 settled
332 1214 43 2 —
378 1193 53 32 she
454 1193 90 32 knew
560 1193 83 32 what
666 1193 49 41 lay
738 1193 102 31 before
866 1193 62 40 her,

113 1269 62 20 was
205 1267 105 21 secure
341 1255 77 32 from
449 1253 141 43 surprise,
618 1253 61 33 and
704 1264 33 21 as
767 1253 56 32 has
852 1253 78 32 been

110 1317 126 42 already
260 1316 72 41 said,
352 1327 62 20 saw
429 1315 104 41 things
558 1326 32 20 as
614 1314 77 32 from
718 1326 18 20 a
759 1320 86 36 great
871 1314 59 32 dis-

111 1386 99 33 tance,
238 1378 61 32 and
329 1376 113 43 (unless
467 1375 31 32 in
521 1375 52 32 the
596 1386 68 21 case
681 1375 34 32 of
734 1375 73 32 such
831 1375 98 33 heart-

110 1442 134 32 lessness
261 1451 32 19 as
311 1436 149 42 Berthe's)
479 1436 102 41 things
597 1436 111 42 mostly
725 1436 151 42 appeared
898 1441 32 27 to

110 1504 55 31 her
191 1507 52 28 too
270 1500 87 33 small
381 1504 31 27 to
435 1499 37 31 be
495 1498 92 32 taken
611 1499 63 31 into
690 1498 113 32 serious
820 1498 108 32 notice.
