1079 1710
353 90 68 21 TWO
445 90 38 21 TO
508 91 63 20 THE
594 90 128 21 RESCUE.

892 86 49 24 141

127 165 15 31 I
157 165 92 32 know
265 165 66 33 that
348 167 15 31 I
375 178 50 20 am
442 167 89 42 right,
554 167 119 42 though
688 168 15 31 I
719 172 112 27 cannot
850 178 93 31 prove

127 226 25 32 it
166 231 33 28 to

202 290 57 41 My
283 290 72 31 dear
535 292 157 31 answered
721 291 51 32 the
798 291 146 41 Marquis,

127 350 76 31 with
219 362 41 20 an
276 352 180 40 expression
473 353 109 31 almost
597 353 34 31 of
644 353 186 39 tenderness,
886 364 60 29 you

128 411 62 31 and
202 411 15 31 I
243 412 77 31 shall
336 413 38 30 be
393 413 115 41 always
524 413 82 40 good
621 413 122 39 friends,
760 413 46 31 for
821 425 59 29 you
895 424 51 20 are

127 472 186 42 thoroughly
338 474 115 31 sincere
479 474 61 31 and
563 474 94 41 really
679 474 77 31 wish
782 479 31 26 to
839 474 108 31 devote

128 534 140 40 yourself
290 538 31 27 to
338 534 104 31 others
457 547 6 26 ;
488 534 56 31 but
566 546 60 29 you
642 546 51 19 are
717 539 50 26 too
789 546 105 30 young
915 540 32 26 to

130 594 92 31 know
259 595 53 31 the
352 594 160 32 difference
554 595 139 31 between
726 595 130 41 honesty
889 595 60 31 and

130 655 92 41 piety,
256 655 60 31 and
351 656 140 31 between
522 655 142 41 morality
686 656 61 30 and
778 656 150 41 prejudice
943 669 6 26 ;

128 727 62 29 you
213 727 51 20 are
287 715 145 31 confused
463 715 69 40 and,
561 715 30 30 in
618 715 70 40 fact,
715 715 152 41 prejudice
894 717 55 31 has

127 777 53 31 the
196 789 96 29 upper
308 777 83 31 hand
403 790 7 27 ;
440 777 61 31 this
517 777 25 31 is
558 789 34 19 as
610 777 24 31 it
650 777 110 31 should
775 778 37 31 be
828 778 46 31 for
895 778 54 32 the

130 844 133 36 present,
289 839 72 41 only
386 839 85 31 don't
491 839 38 31 be
548 839 49 31 led
619 850 87 30 away
724 839 42 41 by
788 850 76 30 your
886 839 63 31 zeal

131 900 46 32 for
205 900 89 32 other
317 900 135 42 people's
480 900 81 31 souls
585 900 64 31 into
673 900 177 40 interfering
876 900 73 31 with

136 962 80 31 their
231 962 118 42 private
360 961 50 31 life
425 974 6 27 ;
453 961 43 31 let
508 960 75 32 each
599 972 71 20 man
682 972 40 29 go
737 960 47 32 his
795 972 66 20 own
874 972 75 30 Avay,

135 1023 137 31 whether
287 1023 23 31 it
334 1022 69 32 lead
423 1021 63 32 him
512 1027 33 26 to
563 1022 144 32 Paradise
729 1033 33 21 or
777 1021 172 40 elseAvhere,

131 1086 92 29 that's
238 1084 52 31 the
307 1083 106 32 advice
431 1083 33 32 of
480 1094 17 21 a
513 1095 72 20 man
602 1083 97 32 ofthe

212 1147 63 30 But
302 1146 82 31 one's
649 1144 144 42 objected,
824 1144 125 41 timidly,

135 1207 109 30 Claire.

211 1269 68 30 Has
296 1268 121 40 enough
432 1272 32 26 to
478 1267 37 31 do
529 1266 73 31 with
615 1267 83 30 one's
711 1278 69 19 own

137 1330 136 32 retorted
303 1329 54 31 her
386 1329 96 40 uncle,
541 1328 128 31 without
698 1327 156 41 meddling
879 1326 74 32 with

138 1393 85 31 one's
246 1391 179 40 neighbour.
471 1389 72 31 And
562 1401 78 28 now,
658 1401 53 29 my
727 1389 72 31 dear
814 1388 107 39 Claire,
939 1387 16 31 I

139 1453 62 32 will
217 1457 63 35 not,
298 1452 74 31 with
394 1463 70 29 you,
480 1451 71 41 play
566 1450 52 32 the
640 1450 166 41 hypocrite,
830 1449 46 31 for
899 1460 56 19 one

139 1515 125 38 instant,
285 1513 54 32 but
355 1512 53 32 tell
425 1523 59 30 you
500 1512 52 31 the
568 1512 97 31 whole
681 1511 84 32 truth
780 1515 33 27 at
828 1510 51 31 the
895 1510 60 31 risk
