1079 1710
142 82 54 27 216

386 88 82 22 LOVE
492 87 65 21 THE
580 84 162 23 AVENGER.

144 167 114 33 certain
274 173 55 27 not
343 172 32 28 to
391 172 82 27 meet
490 166 46 32 his
552 164 99 41 uncle,
670 162 42 33 M.
731 162 37 32 de
786 159 188 34 Beauvoisin

144 229 107 33 sallied
279 229 89 41 forth,
401 228 61 32 and
493 227 136 40 Avalking
661 223 132 43 straight
824 222 64 31 into
920 221 54 31 the

145 291 151 33 vestibule
324 291 33 31 of
379 291 52 31 the
457 289 97 32 Hotel
579 288 38 33 de
642 287 178 40 Moranges,
848 284 66 32 said
936 283 40 32 he

143 359 83 27 must
250 365 50 20 see
325 351 230 34 Mademoiselle
581 350 38 32 de
644 347 216 43 Mourjonville
884 345 47 32 for
954 356 19 20 a

143 415 57 33 feAV
225 415 135 31 minutes
390 426 83 30 upon
499 425 18 20 a
546 423 76 31 very
646 410 170 43 important
846 412 124 28 matter.

142 477 66 32 The
225 476 135 32 footman
376 476 68 31 avIio
460 475 74 32 took
549 474 52 32 the
617 484 143 30 message
777 482 87 21 came
881 470 90 40 back,

144 539 108 42 saying
264 538 24 32 it
303 549 63 21 was
377 537 135 42 scarcely
525 535 135 44 possible
677 534 45 32 for
738 531 234 34 Mademoiselle

141 605 32 28 to
189 600 118 32 receive
323 610 128 31 anyone,
470 598 54 32 she
539 609 64 21 was
619 608 34 21 so
669 596 88 42 busy,
775 596 57 31 but
854 594 78 41 that,
951 593 27 32 if

142 663 43 32 M.
202 662 28 32 le
245 661 138 42 Marquis
399 660 101 32 Avould
515 659 82 32 walk
613 659 64 32 into
699 658 53 33 the
772 658 125 41 library,
915 656 57 32 she

142 723 101 30 would
259 733 85 20 come
361 727 31 25 to
408 721 72 32 him.

186 784 51 31 He
261 783 51 31 dicl
335 795 33 19 so
380 796 6 27 ;
412 783 67 38 and,
496 794 33 20 as
550 782 40 32 he
610 781 124 33 entered
755 785 33 28 at
806 792 59 21 one
887 780 82 39 door,

142 844 131 41 Aspasie
290 843 124 32 entered
429 843 41 41 by
485 843 137 32 another.

188 905 61 33 She
265 917 70 28 was,
351 916 34 20 as
400 905 97 40 usual,
512 905 110 31 attired
638 904 73 32 with
727 904 69 31 that
812 903 90 32 sober
914 914 58 20 un-

143 967 155 31 obtrusive
314 971 80 27 taste
409 966 69 31 that
492 966 90 31 made
597 966 53 31 the
666 977 91 30 grace
774 965 35 31 of
825 969 148 27 neatness

143 1028 54 31 her
224 1027 149 41 unfailing
397 1027 155 40 attribute,
578 1028 61 31 and
666 1027 55 32 she
745 1027 63 32 had
829 1038 35 20 as
882 1026 90 32 usual

143 1089 68 31 that
238 1089 95 39 smile,
356 1089 61 31 and
441 1089 69 31 that
534 1089 209 32 well-studied
770 1088 203 42 agreeability

144 1150 35 31 of
204 1154 105 37 aspect
350 1150 101 32 Avhich
481 1150 90 33 made
601 1151 178 43 everybody
804 1150 84 33 extol
919 1150 54 33 the

146 1211 160 41 delightful
323 1223 148 20 evenness
487 1212 34 31 of
536 1211 56 32 her
606 1216 130 38 temper.
784 1211 33 32 If
832 1223 61 31 you
910 1211 63 32 had

144 1272 161 32 examined
335 1272 55 32 her
414 1273 158 42 minutely,
601 1273 152 42 hoAvever,
780 1286 62 29 you
870 1274 103 32 would

144 1333 79 32 have
236 1333 160 42 perceived
412 1345 19 20 a
446 1334 176 42 something
640 1336 117 41 (barely
771 1336 201 42 perceptible)

146 1396 93 30 about
262 1394 53 32 her
338 1394 100 32 Avhich
461 1407 63 20 Avas
545 1401 55 27 not
622 1397 173 41 altogether
820 1409 33 21 as
871 1399 99 32 usual.

145 1456 67 31 Her
236 1467 102 20 senses
362 1456 130 41 seemed,
517 1468 34 20 as
573 1457 23 31 it
620 1470 89 29 were,
733 1459 39 32 all
793 1459 75 33 astir
881 1473 6 27 ;
917 1459 56 33 she

147 1528 63 20 was
226 1528 18 19 a
258 1516 93 32 shade
367 1515 60 32 less
444 1516 84 42 quiet
544 1517 75 32 than
636 1530 64 21 Avas
716 1519 55 32 her
787 1524 84 27 wont
885 1532 7 26 ;
916 1519 57 33 her
