1079 1710
133 73 52 26 182

379 79 82 20 LOVE
485 77 64 21 THE
573 74 161 22 AVENGER.

132 156 126 32 himself
286 154 187 42 incessantly
496 153 32 32 in
555 152 121 42 pursuit
708 150 34 31 of
768 149 73 31 him.
900 147 62 31 For

132 218 117 31 several
265 217 75 41 days
357 216 108 32 Victor
487 213 159 33 contrived
662 217 31 26 to
710 210 90 32 elude
818 207 144 34 Olivier's

131 277 166 32 reiterated
321 275 179 32 invitations
525 279 32 27 to
585 274 53 31 the
670 272 98 32 Hotel
793 272 38 31 de
860 270 102 32 Beau-

132 339 97 31 voisin
240 352 7 27 ;
271 339 56 31 but
343 338 39 31 he
398 336 92 33 could
509 340 55 28 not
580 335 117 42 always
716 334 39 33 do
783 345 34 21 so
834 333 128 31 without

132 400 135 41 exciting
287 399 161 43 suspicion,
472 411 33 19 so
525 398 38 32 he
583 410 58 19 one
663 397 60 42 day
739 395 169 33 consented
928 399 34 28 to

131 462 37 32 be
186 473 57 20 one
260 461 33 32 of
307 461 142 33 Olivier's
468 465 107 37 guests
592 464 32 28 at
647 472 19 19 a
689 459 109 32 dinner
814 457 34 33 of
866 457 96 43 thirty

132 523 118 43 people,
279 523 92 42 given
404 523 40 42 by
474 522 53 32 the
562 522 92 32 latter
688 522 32 31 in
755 521 47 31 his
830 520 129 32 honour.

132 585 100 32 Claire
271 585 60 31 and
371 584 55 32 her
456 584 106 32 cousin
595 589 73 35 met,
702 583 66 40 but,
806 583 53 32 the
891 582 69 32 first

131 646 156 42 greetings
304 657 81 29 over,
403 645 119 32 neither
545 645 96 42 spoke
658 650 32 27 to
709 644 54 33 the
785 644 96 40 other,
900 644 60 32 and

130 720 38 19 no
195 719 56 20 one
278 719 83 29 upon
386 707 61 31 this
473 707 140 31 occasion
639 706 94 32 noted
759 706 54 32 the
836 705 122 32 mutual

130 769 166 31 avoidance
312 769 140 31 between
468 768 86 31 these
571 773 69 27 two.

172 830 121 42 During
320 830 52 32 the
398 830 76 41 days
499 830 69 31 that
592 829 151 41 folloAved,
772 829 52 32 the
851 841 106 29 young

129 892 157 41 Marquise
311 892 114 31 altered
448 891 53 32 the
525 891 98 31 whole
644 895 88 27 tenor
754 890 34 32 of
814 890 55 32 her
894 890 59 32 life.

129 953 126 31 Instead
276 952 33 32 of
327 953 52 31 the
403 953 90 41 quiet,
512 952 120 32 fireside
656 952 102 31 habits
781 952 46 31 for
843 952 112 40 Avhich,

129 1014 82 32 since
241 1014 54 31 her
327 1019 106 27 return
465 1019 32 27 to
528 1014 97 40 Paris,
654 1013 54 33 she
731 1014 62 31 had
812 1014 78 32 been
909 1025 47 21 re-

128 1074 164 41 markable,
322 1074 53 33 she
404 1075 137 42 plunged
573 1075 64 32 into
667 1087 94 30 every
786 1080 109 27 vortex
927 1075 33 32 of

128 1136 187 32 fashionable
342 1136 57 41 life,
426 1137 123 42 leaving
581 1149 40 19 no
646 1137 64 42 fete
735 1137 36 32 of
796 1149 61 30 any
882 1138 74 31 kind

128 1197 227 42 unfrequented.
411 1197 61 33 She
496 1209 64 20 was
586 1198 192 32 determined
809 1199 69 32 that
901 1200 55 32 her

128 1259 105 31 cousin
259 1258 108 32 should
389 1259 64 31 find
485 1271 39 19 no
559 1261 198 42 opportunity
785 1262 34 31 of
850 1262 107 43 seeing

127 1320 54 31 her
204 1320 86 30 alone
311 1319 31 31 in
359 1319 54 31 her
429 1331 69 19 own
514 1320 99 41 home,
631 1321 71 40 and,
719 1321 163 41 therefore,
901 1323 55 33 she

127 1381 60 32 fled
206 1381 68 31 that
294 1380 90 32 home
408 1385 31 27 at
461 1381 39 31 all
523 1381 109 41 hours;
666 1383 56 32 but
742 1383 54 33 she
820 1385 136 41 yearned

127 1442 47 32 for
197 1441 51 33 the
271 1441 83 42 sight
388 1441 34 31 of
449 1441 117 42 Victor,
596 1444 62 30 and
690 1444 126 42 eagerly
841 1445 115 41 sought

127 1504 51 32 the
206 1503 116 31 crowds
351 1502 134 42 through
507 1504 100 32 AAmich
630 1505 38 31 he
691 1505 121 41 passed,
836 1506 61 32 and
921 1507 30 32 in
