1079 1710
136 62 51 26 206

375 68 81 20 LOVE
480 67 64 21 THE
567 65 161 22 AVENGER,

135 147 144 32 Madame
296 147 36 32 de
349 146 161 42 Varignan
525 148 33 28 to
573 142 142 43 perceive
731 141 70 41 this,
816 139 147 33 Madame

135 208 38 33 de
200 207 151 34 Clavreuil
375 219 64 21 was
466 206 125 41 looking
613 203 201 44 persistently
833 201 130 33 another

134 283 77 29 way,
237 271 60 31 and
323 270 127 42 holding
474 269 102 32 Count
601 268 156 42 Dupont's
789 278 66 19 arm
886 264 32 32 in
946 275 17 21 a

134 345 126 19 manner
290 333 67 31 that
389 331 122 33 seemed
547 329 220 42 involuntarily
798 333 31 27 to
862 327 101 32 solicit

132 394 175 42 protection.
369 394 61 31 But
460 405 40 19 no
538 405 57 19 one
627 390 103 33 whom
761 390 24 33 it
816 401 64 21 Avas
910 389 53 32 the

133 456 157 31 Duchesse
307 455 37 32 de
360 454 185 42 Varignan's
561 465 135 31 purpose
710 457 32 27 to
759 452 114 43 plague
890 462 73 21 ever

132 517 130 40 escaped
277 517 60 31 her.

207 577 14 32 I
237 582 84 27 want
343 582 31 27 to
399 577 211 41 congratulate
752 576 66 31 said
842 575 63 40 she,
930 574 30 31 in

132 638 54 33 her
201 638 121 33 boldest
338 650 136 29 manner,
493 638 118 43 forcing
627 638 116 33 herself
754 638 136 41 through
907 637 52 32 the

133 701 191 41 intervening
349 700 188 43 bystanders,
555 700 61 32 and
640 700 106 43 kiting
770 712 18 20 a
811 699 86 33 hand
920 711 40 21 on

133 761 142 32 Madame
307 761 37 32 de
375 761 180 32 Clavreuil's
588 773 74 20 ami.
755 762 15 31 I
801 766 86 27 Avant
926 765 32 28 to

132 823 209 41 congratulate
367 834 59 30 you
452 834 38 21 on
516 822 51 32 the
594 823 213 41 approaching
831 828 95 27 event

135 884 153 41 (Madame
306 884 35 31 de
360 883 154 32 ClaATeuil
531 884 115 31 shrank
662 884 77 32 from
756 884 55 32 her
826 885 107 42 touch)
950 899 6 27 ;

266 945 25 30 is
307 945 22 31 it
345 949 31 27 to

334 1006 166 41 ejaculated
513 1006 52 32 the
581 1006 195 33 unfortunate
790 1007 164 42 Countess,

130 1066 198 42 indignantly,
395 1067 69 31 how
494 1079 56 19 can
586 1069 85 40 you?
726 1069 83 32 Such
840 1081 40 20 an
911 1070 44 32 in-

130 1128 82 41 famy
250 1128 25 30 is
313 1140 39 19 no
392 1127 117 42 subject
538 1128 46 32 for
619 1129 178 44 pleasantry
825 1130 34 33 of
892 1143 63 31 any

294 1254 40 36 ta,
374 1254 40 36 ta,
547 1253 158 31 ansAvered
737 1255 146 33 Madame
916 1257 36 32 de

131 1311 165 40 Varignan,
329 1312 129 41 nothing
488 1312 133 33 daunted
635 1328 7 27 ;
715 1315 85 33 don't
831 1322 55 37 get
914 1330 38 20 on

130 1384 75 30 your
235 1371 74 42 high
339 1372 98 33 horse.
483 1373 122 44 Infamy
637 1387 33 20 as
701 1378 94 31 much
826 1390 33 21 as
891 1392 61 30 you

130 1433 119 40 choose,
268 1444 32 20 or
325 1433 71 33 take
420 1445 59 32 any
495 1447 96 21 worse
608 1438 85 32 Avord
708 1450 62 30 you
792 1439 61 33 like
865 1454 7 27 ;
897 1441 55 33 but

130 1494 53 33 she
207 1494 25 33 is
257 1494 93 41 going
373 1499 32 28 to
429 1496 38 31 be
483 1496 127 34 Claire's
634 1505 75 27 aunt
725 1500 40 32 all
789 1500 51 33 the
858 1512 93 23 same.
