1079 1710
214 79 143 22 LIGHTLY
379 80 130 29 LOVING,
533 81 141 21 LIGHTLY
698 81 81 22 LOST.

873 77 33 26 79

80 155 65 31 and
161 155 31 32 in
208 156 52 32 the
276 156 108 33 favour
400 157 33 32 of
451 158 105 42 public
580 158 123 42 opinion
714 160 13 30 ?
771 158 59 31 Did
854 163 53 26 not

82 216 54 32 the
163 217 97 32 world
285 222 66 28 cast
380 218 54 32 her
462 218 104 33 forth?
611 219 61 32 Did
697 224 54 27 not
777 219 52 32 the
860 231 47 19 so-

84 278 100 32 called
200 278 157 42 righteous
374 280 150 32 condemn
536 282 14 30 ?
594 281 124 40 Where,
743 281 83 41 then,
843 292 64 20 was

85 339 62 32 this
171 340 198 32 unfortunate
392 346 31 27 to
439 342 63 31 find
523 354 18 19 a
565 342 105 42 refuge
691 343 26 30 if
736 343 52 32 the
814 343 93 41 really

84 403 217 41 pure-minded
313 405 89 31 could
415 410 54 27 not
486 405 85 32 show
583 405 184 33 themselves
783 406 122 40 lenient,

85 465 62 31 and
163 465 25 31 if
201 465 156 32 Christian
374 466 81 32 souls
471 466 121 32 refused
606 471 31 27 to
654 467 169 32 remember
837 467 70 31 how

86 525 41 31 all
143 526 115 31 human
274 526 160 31 weakness
450 526 25 31 is
491 527 90 30 liable
597 533 30 24 to
644 527 76 30 fall?

164 587 59 33 We
260 592 83 27 must
380 588 71 41 help
488 599 70 31 you,
594 600 52 30 my
683 600 74 30 poor

86 649 172 43 whispered
280 650 144 31 Madame
445 650 186 41 Beaudouin,
650 651 73 31 with
740 662 37 20 an
800 655 108 27 accent

87 709 35 32 of
154 710 150 31 maternal
334 711 178 31 tenderness
530 724 7 27 ;
607 723 46 19 we
683 715 83 27 must
796 716 49 36 try
875 715 33 27 to

86 771 98 41 guard
200 783 61 30 you
274 771 77 31 from
368 771 127 42 despair.
543 772 45 30 To
604 771 51 32 the
672 772 82 41 truly
770 772 138 41 penitent

86 832 71 32 God
188 832 114 42 always
335 833 86 31 lends
449 845 18 19 a
494 833 113 41 willing
633 845 60 28 ear,
723 833 59 31 and
815 845 93 19 never

85 895 116 31 refuses
226 895 187 31 consolation
437 899 32 27 to
492 894 88 32 those
605 894 69 32 who
699 907 109 19 mourn
835 906 73 20 over

85 956 79 32 their
188 960 70 38 past
279 955 91 32 faults
385 968 5 27 ;
415 967 47 19 we
487 955 61 31 will
572 967 76 29 pray
670 955 143 41 together
824 968 7 27 ;
854 967 53 29 my

85 1017 95 40 niece,
210 1016 144 31 Madame
381 1016 37 31 de
446 1016 193 40 Beauvoisin,
669 1016 62 30 will
763 1027 87 21 come
875 1020 31 28 to

85 1089 62 31 you
147 1097 44 3 —
193 1077 53 32 she
272 1077 110 31 wishes
407 1082 32 26 to
464 1089 50 19 see
535 1089 60 29 you
607 1089 6 28 ;
639 1076 60 32 and
722 1076 100 32 whilst
847 1089 60 30 you

86 1139 123 42 deplore
236 1138 53 32 the
322 1138 54 40 sin,
404 1150 45 19 we
474 1137 62 31 will
561 1137 72 41 only
658 1137 170 32 remember
854 1137 53 32 the

86 1200 178 33 sacrifice—
266 1211 46 20 we
329 1200 61 30 will
412 1200 72 41 only
499 1199 89 31 think
605 1198 33 32 of
657 1199 71 31 how
751 1211 61 29 you
827 1210 79 30 gave

85 1274 41 29 up
143 1261 40 33 all
198 1261 45 32 for

161 1323 76 32 Alas
249 1324 6 31 !
288 1323 15 31 I
329 1322 51 32 did
578 1321 168 33 exclaimed
782 1321 121 41 Berthe,

175 1397 18 20 a
209 1384 82 33 fresh
307 1384 87 31 burst
411 1384 34 31 of
456 1388 89 28 tears.

127 1448 73 31 And
221 1447 91 31 when
332 1446 146 32 Madame
503 1445 178 32 Beaudouin
702 1444 61 32 had
788 1443 116 33 calmed

81 1509 62 33 this
182 1508 150 33 outbreak
366 1519 96 28 anew,
495 1507 55 31 she
589 1506 113 41 sought
731 1510 32 27 to
797 1505 107 32 induce
