1079 1710
146 76 52 25 248

375 83 82 21 LOVE
481 83 64 21 THE
568 80 152 23 AVENGER

60 1589 9 7 f

146 158 64 32 told
225 171 61 30 you
299 172 7 27 ;
331 159 23 32 it
378 159 62 31 will
463 159 39 32 be
525 156 138 44 graceful
687 168 34 20 as
745 155 125 42 coming
893 154 77 33 from

145 232 53 28 my
213 226 121 27 nearest

186 282 83 33 Mile.
295 282 141 42 Mourjon
461 281 140 43 objected
601 300 44 4 —
646 280 66 33 said
735 280 69 32 that
827 279 24 32 it
868 278 102 32 would

144 344 117 32 disturb
288 344 53 32 the
367 345 127 42 patient,
520 345 60 31 and
604 355 63 21 Avas
691 343 112 41 visibly
827 340 143 42 annoyed

144 409 30 28 at
199 405 53 32 the
282 405 105 32 notion
419 406 33 31 of
474 405 54 32 the
553 405 77 32 visit.
679 405 63 31 But
767 404 44 32 M.
837 403 37 32 de
900 403 70 31 Mo-

143 479 119 30 ranges,
292 468 58 31 like
379 468 39 30 all
451 467 104 32 selfish
588 479 80 29 men,
696 478 64 20 was
792 470 56 27 not
872 470 33 27 to
929 465 39 32 be

142 528 145 41 gainsaid.
357 529 50 31 He
441 528 65 32 said
543 529 38 31 he
612 528 60 32 had
715 540 73 19 seen
822 526 146 33 Madame

143 591 143 32 Claudine
314 591 58 31 five
397 591 130 31 minutes
554 602 69 30 ago,
648 590 68 32 that
747 590 53 32 she
831 601 64 20 was
926 601 41 29 up

142 652 59 32 and
217 652 31 31 in
264 663 73 31 very
352 652 81 41 good
450 652 111 41 spirits,
579 652 61 32 and
662 652 68 32 that
746 652 48 32 his
811 651 156 43 nephew's

141 717 49 27 act
208 713 34 31 of
259 713 74 31 kind
354 713 150 32 attention
521 713 99 32 Avould
642 713 103 42 please
769 713 57 32 her
846 713 48 32 far
912 718 53 27 too

138 773 92 31 much
245 778 31 26 to
293 773 38 31 do
347 774 54 30 her
417 774 96 30 harm.

214 833 72 31 You
301 844 51 20 are
370 838 52 26 too
443 833 122 38 careful,
582 845 52 29 my
651 834 73 33 dear
885 835 75 39 said,

140 894 132 40 blandly,
305 893 42 33 M.
381 894 37 32 de
449 895 174 42 Moranges,
657 896 106 42 laying
801 897 46 31 his
882 897 83 32 hand

140 967 80 29 upon
237 955 156 41 Aspasie's
409 967 73 22 arm.
561 957 31 31 If
609 969 106 20 excess
732 970 80 21 were
829 961 136 40 possible

141 1017 29 30 in
196 1016 74 31 such
298 1017 156 40 ceaseless,
486 1017 108 33 tender
621 1030 77 29 care,
728 1020 15 30 I
768 1020 111 33 should
911 1033 54 31 say

141 1089 92 31 yours
264 1089 62 20 was
358 1079 170 42 absolutely
556 1081 164 32 excessive.
768 1083 63 31 But
859 1084 15 31 I
902 1084 63 32 will

140 1149 118 21 ansAver
287 1138 45 32 for
359 1151 39 20 no
429 1140 86 31 harm
546 1142 122 41 coming
695 1142 78 33 from
801 1144 61 32 this
887 1145 78 32 little

140 1199 158 32 infraction
314 1204 31 27 to
361 1212 75 29 your

183 1260 84 33 Mile.
296 1261 141 42 Mourjon
472 1263 130 41 yielded,
635 1265 55 32 but
722 1266 55 32 her
808 1269 152 41 vexation,

140 1333 68 29 nay,
226 1322 132 40 distress,
377 1335 79 20 were
473 1324 131 34 evident.

217 1383 79 42 Nay,
315 1383 82 40 then,
412 1384 13 30 I
442 1385 60 30 will
518 1391 46 26 set
579 1398 62 30 you
666 1393 31 27 at
837 1392 67 33 said
920 1394 40 32 M.

141 1445 36 31 de
202 1446 174 40 Moranges,
394 1445 89 41 gaily.
562 1447 111 34 Watch
695 1451 52 32 the
770 1453 86 32 clock
878 1454 82 42 here,

141 1506 44 31 for
212 1505 118 42 exactly
358 1510 51 26 ten
433 1507 142 41 minutes,
590 1510 61 31 and
676 1511 30 41 if,
724 1518 32 26 at
783 1513 52 33 the
862 1515 98 39 tenth,
