1079 1710
121 79 52 25 184

367 86 82 19 LOVE
472 85 65 20 THE
561 82 153 22 AVENGER,

120 162 50 33 the
186 163 59 32 end
261 163 35 31 of
318 162 100 31 which
434 161 75 31 time
525 159 40 32 he
582 158 66 33 said
673 158 39 32 he
741 156 101 32 Avould
870 154 81 33 fetch

119 224 64 39 her,
212 223 61 32 and
296 234 189 30 accompany
512 220 56 32 her
593 219 100 33 home.
751 218 66 31 The
845 227 107 32 young

118 284 156 41 Marquise
306 283 78 32 tried
434 287 32 26 to
504 280 151 44 persuade
698 280 55 32 her
791 278 155 40 husband,

119 345 165 31 whenever
306 344 55 31 she
386 343 99 41 could,
504 355 79 28 now,
600 347 32 27 to
653 353 42 31 go
712 341 74 32 with
813 340 56 33 her
885 340 66 32 into

118 409 53 32 the
190 409 105 41 world,
322 408 61 32 and
404 408 175 32 sometimes
602 407 171 33 succeeded
786 421 7 28 ;
826 407 62 33 and
913 407 39 32 he

119 483 65 20 was
218 483 95 20 never
345 470 164 32 otherwise
540 470 75 32 than
651 470 142 33 flattered
823 470 42 42 by
897 469 55 32 the

118 533 182 33 admiration
317 533 54 31 she
388 533 172 40 invariably
577 533 129 33 excited.

162 595 50 32 On
232 594 52 33 the
305 594 89 42 night
410 594 31 31 in
458 594 151 42 question,
628 595 103 32 Claire
747 594 115 33 retired
886 594 66 32 into

118 669 57 21 one
208 657 34 31 of
272 656 53 32 the
361 656 123 32 smaller
515 656 111 41 salons,
652 657 61 31 and
742 657 75 31 took
841 668 19 20 a
884 661 67 27 seat

117 731 83 30 upon
228 730 18 19 a
276 718 59 31 low
356 717 102 41 divan,
481 718 83 41 right
594 718 98 31 under
721 730 40 20 an
783 730 166 20 enormous

119 780 90 33 stand
234 780 35 31 of
297 780 128 31 flowers.
482 779 101 32 These
610 780 129 40 flowers,
765 780 31 31 in
827 781 121 41 reality,

117 843 80 31 filled
239 853 39 29 up
319 853 38 19 an
394 840 150 42 arcliAvay,
586 840 136 42 through
762 841 109 40 which,
913 841 29 31 in

118 904 141 40 ordinary
280 902 97 40 times,
395 914 61 29 you
481 902 112 41 passed
620 902 78 31 from
723 914 19 19 a
768 902 83 41 long,
869 902 79 33 wide

118 964 127 43 gallery,
262 964 64 31 into
342 964 52 31 the
410 964 183 40 contiguous
611 968 201 37 apartments.
861 964 46 31 As
924 964 23 32 it

118 1037 74 28 was,
218 1025 54 31 the
299 1025 119 31 flowers
435 1036 67 20 rose
531 1036 33 20 so
580 1025 77 41 high
673 1025 69 32 that
768 1025 75 42 they
865 1037 84 20 com-

118 1086 115 43 pletely
258 1086 128 31 masked
410 1086 53 31 the
489 1086 134 42 opening
653 1086 99 33 under
781 1086 54 33 the
863 1087 85 40 arch,

119 1148 60 32 and
206 1147 51 32 the
282 1158 127 30 persons
435 1147 108 41 sitting
575 1159 38 20 on
644 1148 53 32 the
730 1153 155 28 ottomans
916 1150 30 31 in

119 1208 98 32 either
241 1207 144 33 chamber
410 1219 89 29 were,
528 1208 31 31 in
584 1208 69 41 fact,
673 1209 109 42 sitting
808 1210 80 32 back
915 1215 33 28 to

118 1270 87 40 back,
223 1269 60 32 and
308 1269 83 42 quite
416 1269 91 40 close,
526 1269 129 33 without
677 1271 94 41 being
799 1284 102 21 aAvare
918 1273 34 33 of

119 1331 76 32 each
212 1331 111 31 other's
339 1342 154 28 presence.

163 1390 99 33 Claire
289 1390 102 32 rested
417 1390 55 32 her
499 1391 79 32 head
604 1393 127 41 wearily
747 1394 122 41 against
895 1395 52 32 the

120 1452 77 40 wall,
222 1451 59 32 and
298 1451 232 41 congratulated
557 1452 118 33 herself
697 1466 83 30 upon
807 1455 53 31 the
885 1456 62 32 fact

121 1513 34 32 of
173 1524 39 20 no
239 1523 56 21 one
322 1511 92 40 being
438 1512 29 31 in
495 1512 53 32 the
571 1525 86 20 room
682 1520 32 26 to
738 1515 119 32 disturb
881 1516 64 33 her.
