1079 1710
148 73 50 26 156

377 80 81 20 LOVE
482 80 63 20 THE
570 77 159 22 AATENGER.

148 156 159 32 answered
333 156 53 31 the
412 156 67 41 girl,
539 154 60 31 and
624 153 68 32 that
713 152 27 32 if
759 163 61 31 you
845 150 51 32 did
919 153 53 28 not

152 218 120 40 choose,
290 218 16 32 I
323 218 90 32 could
427 222 55 27 not
499 217 73 31 bear
595 216 32 41 it,
646 215 61 32 and
722 214 15 32 I
753 225 50 21 am
820 224 34 21 so
869 217 103 38 grate-

147 279 43 31 ful
202 293 6 26 ;
270 279 60 31 and
357 279 53 32 she
435 279 110 31 looked
576 282 31 28 at
637 277 64 31 him
726 287 70 20 noAV
826 274 76 32 Avith
933 285 38 20 an

146 340 175 41 expression
338 340 34 33 of
383 340 117 32 intense
517 340 125 41 delight.

222 403 62 31 But
300 403 14 31 I
330 402 100 43 might
446 402 112 32 choose
576 406 32 28 to
632 401 70 42 give
718 412 60 30 you
795 411 85 20 more
895 398 75 32 than

145 464 52 32 the
210 476 90 20 name
313 464 35 32 of
518 463 161 33 remarked
691 463 41 31 M.
747 462 36 32 de
794 461 175 42 Moranges.

218 527 15 30 I
249 538 56 20 can
321 526 134 40 imagine
471 526 129 40 nothing

221 588 14 30 I
260 588 97 41 might
380 588 70 41 give
473 599 61 30 you
557 588 66 31 that
647 587 34 31 of
931 585 38 31 he

147 649 109 39 added,
274 650 30 31 in
321 661 18 20 a
354 650 92 32 loAver
462 655 79 35 tone,
560 649 61 32 and
637 649 74 32 with
726 660 40 21 an
783 648 186 32 undeniable

146 710 58 32 and
222 711 240 32 uncontrollable
478 711 126 39 beating
620 710 34 32 of
665 710 51 32 the
732 710 96 33 heart.

328 773 132 31 retorted
488 772 63 40 she,
579 772 136 42 humbly,
869 771 100 33 would

146 837 54 27 not
219 833 38 31 be
278 833 82 42 right
361 854 42 2 —
405 833 67 33 that
493 834 25 31 is
541 834 52 31 the
609 846 89 19 name
714 846 61 29 you
791 834 73 31 bear
879 845 90 30 your-

222 956 71 30 And
309 956 67 31 that
391 968 47 20 we
454 968 57 20 can
527 956 72 32 bear
804 957 38 31 he
859 956 110 40 added,

147 1017 75 31 with
253 1029 18 19 a
301 1018 69 31 look
406 1018 34 31 of
468 1019 137 41 princely
633 1019 143 32 fondness
808 1019 61 31 and
900 1030 71 20 con-

146 1078 186 31 descension.

220 1140 80 31 Hoav
311 1142 13 30 ?
368 1141 54 31 she
437 1141 103 41 asked,
558 1142 218 41 Avonderingly.

222 1201 47 40 By
295 1212 52 30 my
372 1201 126 42 making
521 1214 62 30 you
610 1215 52 30 my
679 1203 79 41 Avife,

151 1273 65 20 was
245 1262 51 31 the
327 1263 92 41 reply.
585 1265 84 30 mind
699 1266 25 30 is
748 1267 91 31 made
869 1279 62 29 up;
958 1267 13 31 I

147 1323 61 31 will
240 1334 101 30 marry
366 1335 68 30 you,
466 1325 60 31 and
549 1326 89 31 make
662 1339 59 29 you
747 1328 157 41 Marquise
935 1328 36 32 de

193 1444 64 32 The
279 1444 118 43 Sphinx
417 1446 111 32 turned
544 1447 110 43 deadly
670 1450 78 41 pale,
767 1450 60 31 and
852 1450 119 33 shrink-

150 1507 51 41 ing
218 1506 76 32 from
308 1506 52 32 the
377 1518 81 21 arms
474 1509 118 40 opened
607 1515 32 27 to
654 1511 119 33 receive
790 1512 62 39 her,
854 1532 44 4 —
