1062 1607
510 89 14 23 6

61 153 102 25 certain
177 154 53 32 day
243 154 28 25 in
286 155 73 32 May,
373 155 27 24 in
417 163 71 24 1422,
502 155 79 24 when
593 154 45 25 the
657 160 143 24 necessary
814 151 101 24 license
937 150 55 26 had

61 188 69 24 been
154 188 139 29 obtained,
312 189 45 23 the
380 190 96 30 people
495 196 69 17 were
590 186 130 33 gathered
742 185 123 33 together
889 185 37 32 by
947 185 47 24 the

62 221 87 24 sound
166 221 29 24 of
210 221 47 25 the
277 222 103 24 church
400 223 52 24 bell
465 227 28 20 to
507 223 111 23 witness
637 220 53 25 and
707 219 62 32 give
788 219 70 24 their
878 223 113 20 consent

62 259 28 20 to
111 255 47 24 the
181 255 101 25 church
302 256 81 32 being
405 256 170 32 collegiated.
618 254 89 25 There
728 261 69 17 were
820 253 43 25 Sir
876 252 70 33 John
969 252 23 25 le

64 290 91 30 Byron
184 290 53 23 and
260 289 41 25 Sir
325 290 71 33 John
420 290 33 23 de
475 288 151 29 Radcliffe;
657 288 77 24 there
759 295 70 17 were
857 286 136 27 Trafford,

64 323 98 27 Booth,
186 323 205 32 Strangewayes
413 323 54 23 and
491 323 110 28 Hulme,
623 320 150 25 Prestwich
795 321 53 24 and
874 321 117 29 Barlow,

64 356 53 24 and
143 364 81 24 many
249 365 72 16 more
348 356 175 25 Manchester
545 356 155 32 gentlemen
725 355 76 24 there
826 357 108 29 present
960 358 28 20 to

63 389 110 25 witness
201 390 120 24 Thomas
348 389 26 25 la
401 390 97 25 Warre
524 389 78 25 make
631 398 15 15 a
676 389 68 24 deed
769 388 29 25 of
823 388 48 33 gift
896 388 30 24 of
950 388 43 25 his

64 423 79 25 lands
165 423 53 25 and
238 428 106 27 rectory
363 423 29 24 of
409 424 176 24 Manchester
606 427 28 20 to
648 422 130 29 Thomas,
794 422 74 24 Lord
888 422 102 33 Bishop

64 456 29 25 of
116 457 133 29 Durham,
275 457 61 25 who
354 457 119 25 founded
498 466 16 16 a
541 457 143 31 collegiate
709 455 103 26 church
839 456 25 24 in
890 456 104 25 honour

65 490 29 24 of
111 490 44 25 the
181 491 93 31 Virgin
295 491 88 31 Mary,
409 490 28 25 of
457 491 40 25 St.
522 491 85 25 Denis
633 490 29 25 of
685 490 116 29 France,
827 490 53 24 and
903 490 29 24 of
955 490 28 25 St

66 524 116 32 George,
205 524 29 25 of
245 533 88 23 merry
347 525 137 31 England.
521 524 76 25 Thus
619 525 19 24 it
657 533 56 16 was
735 524 60 25 that
812 523 46 25 the
881 524 113 25 Baron's

67 558 66 24 Hall
146 566 76 16 came
237 562 28 20 to
277 558 33 24 be
325 558 45 24 the
385 557 78 25 home
476 558 28 24 of
517 559 45 23 the
576 558 83 25 Guild
670 558 82 24 ofthe
764 558 111 24 Blessed
886 558 103 31 Virgin,

66 592 63 24 with
149 592 34 23 its
206 592 118 28 warden,
338 592 110 29 fellows,
470 593 55 23 and
546 592 107 32 singing
671 600 70 21 men,
757 595 29 20 to
807 591 89 24 whom
919 592 75 24 there

66 633 69 17 were
145 626 155 23 occasional
319 626 136 24 additions
468 626 29 24 of
508 626 116 32 chantry
637 626 106 31 priests.
781 626 74 23 Here
868 626 62 31 they
949 630 42 20 ate

67 659 71 24 their
157 659 71 28 food,
249 660 64 23 read
335 660 55 24 and
411 667 67 25 sang
497 660 46 24 the
566 660 115 24 services
700 659 29 24 of
744 660 46 23 the
808 660 110 27 church,
941 660 51 23 and

67 693 161 32 quarrelled,
243 701 34 16 no
291 693 94 29 doubt,
398 697 28 21 to
439 693 47 24 kill
498 694 65 24 time
577 694 26 24 in
618 693 134 25 monastic
770 693 114 24 fashion.
922 693 71 25 That

67 727 66 32 they
144 735 70 16 were
227 730 47 21 not
287 726 154 26 unmindful
453 726 30 26 of
492 727 46 25 the
552 727 70 32 good
635 727 91 32 things
740 726 28 25 of
784 727 54 24 this
857 726 82 26 world
954 736 38 15 we

66 760 90 30 know,
177 760 38 24 for
237 760 65 32 they
315 761 94 25 rented
427 761 47 25 the
496 761 67 31 park
575 761 30 25 of
615 761 105 25 Nether
735 761 124 31 Aldport,
874 761 53 24 and
941 760 53 25 had

67 795 48 24 the
136 794 73 32 right
231 794 29 25 of
276 794 100 33 fishing
396 795 25 24 in
442 795 46 25 the
508 795 54 25 Irk.
602 796 60 24 One
680 795 29 24 of
719 795 82 29 them,
817 794 39 25 for
868 795 123 31 pleasant

68 828 170 29 meditation,
249 828 53 25 had
316 836 15 17 a
342 829 40 31 pit
397 837 64 16 near
473 829 74 32 High
564 829 95 24 Knolls
669 829 111 31 planted
791 829 65 24 with
870 837 14 16 a
895 829 99 24 double

68 863 67 31 edge
154 863 54 23 and
228 863 99 31 graced
347 863 35 31 by
403 867 79 20 seats.
519 863 67 24 Two
610 863 135 24 centuries
767 862 67 24 after
856 862 45 24 the
922 863 69 31 good

68 897 84 31 priest
166 904 55 16 was
240 897 71 28 dust,
331 897 54 23 this
398 905 55 16 was
472 897 99 24 known
591 905 29 16 as
641 897 42 24 Sir
701 897 70 33 John
793 897 139 23 Browne's
944 897 50 31 pit.

69 930 58 25 The
141 930 124 24 baronial
283 930 142 25 character
447 930 29 25 of
495 930 45 25 the
560 930 136 32 buildings
716 939 44 15 are
778 930 58 24 best
850 938 62 16 seen
926 929 66 25 from

66 964 46 23 the
125 963 71 24 river
208 963 52 24 Irk.

102 998 60 25 One
175 997 29 25 of
214 997 46 25 the
272 998 75 32 early
352 998 123 25 wardens
485 1007 55 16 was
552 998 120 32 Stanley,
682 997 158 25 afterwards
855 997 102 33 Bishop
968 997 29 25 of

69 1032 62 32 Ely.
167 1032 32 24 In
215 1033 64 30 1496
292 1032 34 25 he
340 1040 55 16 was
408 1032 84 32 living
505 1033 26 24 in
543 1032 87 28 Paris,
641 1032 54 24 and
704 1031 91 33 vainly
806 1031 186 25 endeavoured

67 1069 28 21 to
109 1066 75 24 bribe
199 1066 131 24 Erasmus
342 1069 28 21 to
385 1066 111 24 become
514 1066 42 24 his
577 1066 119 24 teacher.
733 1065 59 25 The
814 1074 81 16 cause
913 1064 29 26 of
952 1065 41 25 his

68 1100 108 31 anxiety
190 1107 57 17 was
265 1100 59 24 that
337 1099 34 24 he
384 1100 54 23 had
452 1100 67 24 been
537 1100 137 32 promised
688 1108 14 15 a
717 1099 145 31 bishopric,
876 1100 49 23 but
939 1107 54 16 was

67 1137 47 20 not
127 1134 162 32 sufficiently
301 1134 110 24 learned
425 1133 39 25 for
476 1134 46 24 the
541 1134 138 31 episcopal
697 1133 127 31 position.
861 1133 132 24 Whether

66 1168 48 24 the
127 1168 122 31 learning
263 1175 76 17 came
352 1168 75 24 there
441 1168 22 24 is
476 1168 115 32 nothing
602 1171 28 21 to
643 1167 83 28 show,
737 1167 47 24 but
799 1167 45 23 the
856 1167 137 31 bishopric

67 1201 29 24 of
105 1201 51 32 Ely
176 1209 56 16 was
245 1201 81 32 given
346 1205 28 21 to
393 1201 64 25 him.
494 1202 44 24 He
560 1201 49 25 has
630 1201 68 24 been
716 1201 141 24 described
877 1208 29 17 as
919 1208 73 17 more

66 1234 166 33 voluptuous
245 1235 67 24 than
326 1235 130 25 virtuous.
494 1235 69 25 Like
576 1236 34 23 all
624 1236 106 31 priests,
745 1234 34 25 he
790 1234 55 25 had
858 1234 81 25 taken
947 1234 46 24 the

66 1277 60 16 vow
149 1268 28 25 of
194 1268 131 32 celibacy,
344 1269 48 24 but
411 1269 42 24 his
474 1278 58 20 son,
556 1269 42 25 Sir
617 1268 70 34 John
710 1268 120 32 Stanley,
850 1267 94 33 fought
966 1272 26 20 at

66 1302 122 25 Flodden
204 1302 86 25 Field.
327 1303 89 24 There
430 1303 84 31 might
527 1303 60 25 well
600 1303 33 24 be
646 1303 112 24 scandal
771 1302 165 31 concerning
950 1302 40 24 his

64 1336 51 25 fair
129 1336 224 32 dwelling-house
366 1340 27 21 at
408 1337 39 24 St.
463 1337 68 24 Ives.
570 1336 44 24 He
628 1344 63 21 was,
706 1344 28 16 as
748 1344 40 16 we
801 1335 70 26 have
884 1344 71 21 seen,
966 1335 30 25 of

63 1370 80 24 noble
157 1369 81 30 birth,
252 1377 56 17 was
321 1373 48 21 not
381 1370 178 24 overstocked
574 1370 64 24 with
661 1370 131 31 learning,
813 1370 48 24 but
884 1370 110 32 stately,

62 1403 164 31 hospitable,
251 1403 54 24 and
329 1411 141 24 generous.
518 1403 108 24 Amidst
659 1403 45 24 the
734 1403 136 31 grandeur
901 1403 29 24 of
952 1403 42 24 his

60 1437 140 31 episcopal
214 1437 79 23 home
306 1436 42 24 his
360 1437 131 31 thoughts
503 1437 97 23 turned
613 1440 28 20 to
654 1437 42 23 his
709 1437 44 23 old
768 1437 95 29 abode,
878 1437 53 24 and

277 1481 35 20 He
323 1481 36 19 did
370 1481 40 19 end
422 1481 31 20 his
464 1481 34 19 life
509 1481 21 19 in
540 1488 68 18 merry
617 1481 140 23 Manchester,

276 1508 48 20 And
336 1508 54 25 right
401 1508 130 25 honourably
541 1508 50 20 lieth
603 1508 26 19 he
639 1508 73 20 buried
723 1508 63 19 there.

89 1544 59 25 The
160 1549 119 27 greatest
293 1544 167 25 ecclesiastic
475 1544 149 25 connected
635 1543 65 26 with
711 1552 49 17 our
771 1545 55 31 city
835 1553 56 17 was
902 1544 88 32 Hugh.
