1079 1710
217 87 65 21 THE
305 87 118 21 SINNER
446 87 96 21 SEEKS
565 88 62 20 THE
651 87 99 21 SAINT.

855 84 34 26 29

76 161 60 32 fort
158 162 103 32 would
284 163 138 33 sanction
446 164 59 32 and
529 163 98 43 might
650 163 58 33 feel
708 184 42 2 —
750 163 51 33 the
823 163 68 33 love

76 224 142 41 heroical,
237 225 133 41 ecstatic,
387 225 27 32 if
432 237 60 31 you
508 225 59 32 will
580 239 7 27 ;
611 225 201 43 exaggerated
832 225 60 32 and

79 286 177 41 unnatural,
273 298 93 31 many
382 287 123 32 readers
521 287 61 31 will
598 286 131 43 perhaps
745 286 126 33 exclaim
885 301 6 27 ;

77 346 56 32 but
144 347 217 41 nevertheless,
370 347 52 32 the
434 348 68 31 love
514 348 67 31 that
593 347 132 43 inspired
734 347 52 32 the
797 348 94 31 entire

79 419 57 30 age
153 408 34 31 of
197 408 138 42 chivalry
350 409 41 31 all
408 421 70 20 over
493 409 51 31 the
562 409 102 40 world,
682 409 60 31 and
757 409 74 41 that,
849 409 42 32 let

79 469 24 32 it
118 474 54 27 not
187 470 38 32 be
241 471 163 41 forgotten,
421 482 62 20 was
510 470 44 31 for
577 471 150 31 centuries
748 471 51 32 the
815 471 77 31 ideal

81 530 33 31 of
126 531 121 31 French
262 543 117 19 women
396 531 34 31 of
441 544 18 18 a
473 531 113 31 certain
602 531 160 31 condition.

124 592 178 42 Separation
318 604 64 20 was
402 596 53 27 not
477 592 45 31 for
543 591 99 32 Claire
666 591 83 33 what
775 592 23 32 it
828 604 63 21 was

79 653 46 31 for
140 654 41 31 M.
200 654 36 31 de
251 654 148 39 Lancour,
416 653 44 31 for
486 652 52 31 she
565 652 60 31 had
651 652 144 32 obtained
820 665 69 20 now

79 714 40 31 all
136 714 53 31 she
206 714 117 31 desired
333 727 7 27 ;
366 714 52 31 she
434 713 60 32 had
510 725 39 19 no
565 713 95 32 desire
679 713 128 42 beyond.
853 715 38 32 In

77 774 52 31 the
145 775 133 40 glorious
295 786 160 20 assurance
482 775 33 31 of
537 774 133 32 Victor's
686 775 68 32 love
770 776 50 41 lay
835 775 55 33 her

76 835 97 31 whole
201 840 153 37 conquest,
372 835 59 32 and
455 835 54 32 she
533 835 160 42 perceived
708 836 129 42 nothing
862 837 32 31 of

76 896 81 31 what
173 896 88 31 failed
276 897 63 30 her.

118 957 99 32 There
244 969 72 28 was,
333 958 30 30 in
389 957 70 40 fact,
476 969 40 19 no
532 957 171 42 separation
719 958 45 31 for
780 958 107 33 Claire.

75 1018 108 32 Victor
206 1030 64 20 was
296 1018 46 31 for
368 1030 71 20 ever
465 1018 40 41 by
530 1018 54 31 her
611 1018 72 40 side,
701 1030 33 20 as
757 1019 53 32 she
835 1019 54 33 felt

76 1079 166 31 convinced
258 1079 53 32 she
327 1091 62 19 was
402 1079 41 41 by
458 1078 55 32 his.
559 1078 139 42 Nothing
714 1079 89 32 could
819 1091 70 21 ever

75 1140 99 32 divide
190 1140 94 41 them,
301 1140 118 41 though
435 1151 39 20 on
499 1140 87 31 earth
609 1140 72 42 they
697 1140 99 42 might
810 1146 79 28 meet

73 1212 39 20 no
128 1213 93 19 more.

117 1263 84 32 Here
227 1274 62 21 was
309 1262 52 33 the
387 1267 95 28 secret
499 1262 33 32 of
553 1262 123 33 Claire's
698 1263 188 42 tranquillity

74 1324 61 32 and
151 1323 249 44 self-possession.
442 1323 62 33 She
519 1335 73 29 was,
606 1323 30 32 in
646 1323 68 41 fact,
725 1324 161 42 possessed

73 1385 40 43 by
129 1397 57 20 one
201 1385 141 43 thought,
360 1390 97 38 wrapt
482 1384 31 33 in
539 1384 54 33 her
609 1384 112 42 dream,
740 1384 59 33 and
825 1396 61 21 saw

73 1447 178 41 everything
267 1447 116 31 around
398 1446 55 32 her
468 1446 78 31 from
562 1458 18 19 a
593 1446 141 32 distance.

115 1508 114 33 Olivier
259 1508 61 32 had
355 1508 179 40 apparently
565 1508 81 40 quite
677 1506 133 33 outlived
836 1506 49 32 the
