1079 1710
879 88 15 25 9

397 94 83 21 TRUE
503 94 88 21 LOVE.

125 168 109 33 Victor
249 169 52 32 did
315 175 54 27 not
384 170 46 32 for
444 182 19 20 a
478 174 135 27 moment
625 168 72 33 seek
706 173 31 28 to
753 169 87 31 elude
850 168 46 32 his

83 230 212 33 self-incurred
316 231 223 42 responsibility
553 244 7 28 ;
582 231 39 31 he
637 242 71 30 was,
726 242 33 20 as
781 230 16 31 I
819 230 77 31 have

83 291 74 41 said,
174 291 156 43 inflexibly
346 292 118 41 honest,
482 292 59 32 and
563 291 154 33 whatever
739 290 98 45 might
858 290 39 32 be

81 352 54 31 the
152 357 66 27 cost
232 353 102 31 would
348 353 32 31 in
395 365 39 20 no
450 354 217 31 circumstance
684 352 33 32 of
738 352 49 31 life
809 351 88 32 leave

83 425 18 19 a
116 413 109 42 pledge
241 414 211 32 unredeemed.
477 414 60 32 But
553 414 38 31 he
607 413 129 32 suffered
751 412 145 42 severely,

85 474 61 31 and
162 486 62 20 saAv
240 474 45 32 for
300 475 51 32 the
367 475 63 31 first
445 475 73 31 time
534 474 31 31 in
581 474 79 32 their
678 474 63 32 real
755 474 92 31 forms
864 484 33 20 so

84 547 93 30 many
201 535 105 42 things
330 535 109 41 which,
467 535 32 31 in
525 535 52 32 the
602 535 48 32 life
675 535 34 32 of
725 535 52 32 the
792 534 104 40 world,

85 608 85 20 come
195 601 31 27 to
253 608 36 19 us
316 596 31 31 in
374 596 142 41 disguise,
533 597 61 31 and
617 608 50 21 are
691 596 145 41 accepted
853 595 44 32 for

85 658 86 31 other
186 657 74 32 than
275 657 74 40 they
365 668 59 20 are.

127 718 98 31 There
241 729 63 19 was
320 717 130 41 nothing
465 718 123 40 serious,
614 729 34 20 as
665 730 45 20 we
734 717 99 32 stated
843 717 53 31 be-

82 780 72 39 fore,
173 779 30 31 in
218 779 52 31 the
286 778 87 32 hurts
389 778 140 32 received
544 779 41 41 by
600 780 43 31 M.
658 779 36 32 de
710 780 141 30 Lancour
865 783 32 27 at

81 840 54 31 the
151 839 54 32 fall
223 839 33 32 of
273 839 51 32 the
347 839 99 41 grand
470 840 90 31 stand
583 845 32 26 at
630 840 195 39 Combeville,
842 839 55 31 but

80 902 85 32 there
181 913 63 20 was
260 901 123 41 enough
399 906 32 26 to
447 901 133 41 produce
595 906 174 37 temporary
784 901 112 32 illness.

80 962 66 32 The
170 962 175 42 depression
369 961 34 32 of
422 973 18 19 a
461 961 55 40 rib,
542 961 162 32 unnoticed
727 961 46 31 for
796 973 18 19 a
838 961 59 41 day

81 1034 34 21 or
130 1028 71 35 two,
218 1023 132 31 induced
365 1034 38 20 an
420 1022 102 32 attack
538 1022 33 31 of
589 1022 174 32 intercostal
778 1021 119 32 neural-

81 1084 60 41 gia,
159 1095 33 20 as
208 1083 53 32 the
277 1083 160 42 physician
451 1083 118 31 termed
584 1082 32 41 it,
635 1083 60 31 and
709 1082 133 42 brought
858 1094 39 20 on

80 1144 154 42 neuralgic
258 1144 93 41 fever,
370 1156 33 20 so
429 1156 104 20 severe
556 1156 34 20 as
612 1148 31 29 to
659 1144 117 32 confine
792 1144 105 32 Victor

80 1211 32 27 to
128 1205 48 33 his
191 1205 60 33 bed
266 1205 46 33 for
328 1205 116 33 several
461 1205 84 41 days.

123 1268 62 31 For
213 1267 54 32 the
296 1266 72 44 pain
398 1266 40 33 he
468 1266 91 33 cared
588 1266 86 41 little,
699 1266 56 33 but
784 1266 31 33 in
845 1266 50 33 the

80 1328 150 32 seclusion
252 1328 39 32 he
314 1327 146 43 rejoiced;
484 1327 60 32 and
559 1327 45 32 for
620 1327 53 33 the
689 1327 67 33 first
778 1327 73 33 time
866 1327 29 32 in

80 1389 47 32 his
143 1389 50 32 life
209 1388 89 33 made
313 1388 53 33 the
381 1393 80 28 most
477 1388 33 33 of
520 1400 39 20 an
575 1388 102 33 illness
701 1388 30 33 in
755 1388 88 33 order
864 1393 31 28 to

80 1462 103 20 secure
201 1449 137 33 solitude.

120 1510 143 33 Madame
279 1509 38 33 de
333 1509 158 33 Mottefort
513 1509 62 33 had
598 1509 128 42 escaped
748 1509 78 33 from
846 1509 50 32 the
