1079 1710
128 89 15 25 6

359 93 80 22 LOVE
461 92 63 22 THE
548 86 158 25 AVENGER.

130 183 62 20 was
219 172 77 31 done
320 171 38 32 he
380 168 143 35 returned
538 172 32 27 to
586 166 99 31 Tours
701 160 75 34 with
791 159 52 33 the
860 156 88 34 other

131 234 115 31 officers
271 233 34 32 of
320 233 46 32 his
389 231 156 42 regiment,
563 239 58 21 one
637 225 34 33 of
688 224 103 32 whom
814 232 64 21 was
903 219 45 33 far

130 307 82 20 more
229 294 144 40 seriously
389 293 72 31 hurt
476 291 74 33 than
566 287 130 34 himself.

172 356 50 32 He
248 355 59 32 had
333 355 88 32 acted
435 368 6 18 :
474 352 89 33 when
593 351 100 32 action
715 359 65 20 was
807 357 74 22 over
907 344 38 32 he

129 418 99 40 began
242 422 32 27 to
290 416 96 41 think,
404 415 60 32 and
483 415 78 31 from
583 424 138 30 memory
737 410 60 33 and
812 407 133 42 thought

130 478 157 32 combined
303 489 113 30 sprang
430 477 53 32 the
498 477 103 31 dream
622 474 34 32 of
674 473 85 32 what
781 471 39 31 he
844 470 100 31 knew.

129 539 70 32 And
218 539 74 32 then
307 539 73 31 with
396 538 228 32 consciousness
647 546 85 21 came
750 534 64 41 joy.
861 531 65 31 Yes
938 531 7 31 !

129 599 128 32 Victor's
268 599 65 32 first
347 599 112 41 feeling
473 610 82 29 upon
570 595 195 43 recognising
781 594 52 32 the
849 592 95 41 truth,

130 671 61 20 was
207 671 18 20 a
240 660 76 41 deep
326 660 196 40 heart-filling
533 659 54 41 joy
588 678 41 2 —
630 657 52 32 the
693 657 56 42 joy
760 656 70 32 that
845 655 100 32 thrills

129 720 131 41 through
286 732 92 30 every
401 721 89 31 noble
515 724 107 27 nature
646 718 90 31 when
762 717 24 32 it
809 716 136 33 receives

130 782 52 31 the
198 793 55 21 one
269 786 87 36 great
370 782 64 40 gift,
451 782 52 31 the
518 781 58 41 gift
591 780 34 32 of
636 792 18 19 a
670 780 115 31 human
801 777 76 33 soul.

174 843 70 30 And
261 842 66 32 that
345 843 55 41 gift
420 843 38 31 he
475 842 89 32 could
581 846 54 27 not
655 844 115 38 accept.
816 840 51 31 He
883 839 63 32 had

133 903 143 41 accepted
290 902 52 32 the
358 902 142 32 donation
517 902 33 31 of
568 914 19 19 a
601 902 95 31 lesser
710 900 78 40 love,
806 900 56 32 but
885 899 62 32 this

132 974 56 20 one
212 963 38 31 he
276 967 80 27 must
389 974 160 21 renounce.
604 963 251 30 Renouncement
886 960 61 32 had

131 1022 123 32 become
278 1022 51 31 the
354 1022 57 31 law
428 1023 33 31 of
478 1022 47 31 his
551 1022 92 42 being
667 1033 78 20 now.
792 1021 50 32 He
864 1026 83 27 must

132 1087 53 27 not
211 1082 69 32 dare
303 1086 31 28 to
357 1082 68 32 love
444 1082 99 32 Claire
557 1096 6 27 ;
587 1086 55 28 not
657 1082 72 41 only
745 1082 130 32 because
892 1081 55 33 she

135 1153 62 21 was
213 1148 53 26 not
280 1142 60 33 free
356 1142 31 32 in
402 1143 116 32 honour
527 1147 32 28 to
575 1143 68 32 love
658 1143 72 40 him,
744 1143 56 32 but
815 1143 132 32 because

132 1202 38 33 he
186 1214 62 21 was
262 1208 55 27 not
332 1202 60 33 free
408 1203 30 32 in
454 1203 117 32 honour
585 1208 32 27 to
633 1203 68 32 love
717 1203 63 32 her.
820 1204 50 31 He
886 1204 61 32 had

132 1263 102 32 bound
268 1263 123 33 himself
425 1268 32 28 to
494 1264 136 40 another,
664 1264 103 32 whose
800 1266 147 31 so-called

134 1324 131 31 sacrifice
291 1324 38 32 he
353 1324 61 32 had
438 1329 52 28 not
516 1325 138 42 rejected.
711 1326 72 31 And
809 1326 74 32 then
908 1327 39 32 he

133 1384 133 41 plunged
280 1384 63 32 into
358 1384 51 33 the
425 1390 77 37 past,
516 1385 91 33 dived
623 1386 90 32 down
728 1391 32 27 to
776 1387 39 31 its
831 1392 116 28 utmost

133 1444 116 42 depths,
278 1445 59 31 and
368 1456 64 21 saw
450 1445 66 33 that
535 1446 100 32 which
664 1447 50 42 lay
734 1447 134 33 beneath
894 1450 53 32 the

134 1506 115 31 surface
265 1506 59 31 and
340 1506 171 33 shuddered
526 1512 31 27 at
577 1507 53 33 the
647 1508 94 41 levity
757 1510 73 32 with
847 1511 100 33 which
