1079 1710
883 83 53 25 169

228 86 64 21 THE
316 86 90 22 DARK
430 88 137 22 SHADOW
589 89 110 21 PASSES
722 89 104 21 AWAY.

119 160 123 43 coming
258 162 31 32 in
305 162 40 32 all
360 163 89 32 haste
473 169 32 26 to
521 164 90 42 bring
636 165 54 31 her
716 177 18 19 a
749 169 77 27 note.
873 165 64 31 The

118 233 72 20 man
216 223 64 32 said
307 223 38 33 he
367 224 61 32 had
451 225 78 32 been
545 231 32 26 to
602 226 53 31 the
674 226 96 31 Hotel
786 226 36 31 de
839 226 98 31 Beau-

120 284 109 39 voisin,
248 285 60 32 and
324 285 60 32 had
401 286 139 32 followed
556 287 54 32 her
626 300 39 19 on
680 287 80 32 here.

164 344 66 33 The
246 351 82 36 note,
346 346 31 31 in
393 359 18 19 a
434 347 59 32 few
511 348 122 31 hurried
656 349 109 40 words,
783 350 154 31 entreated

119 404 53 32 the
200 417 104 31 young
328 408 155 41 Marquise
511 414 32 26 to
567 421 86 20 come
669 410 145 41 instantly
829 416 32 26 to
883 411 54 31 her

119 466 148 33 mother's
283 467 103 32 house.

196 528 15 32 I
246 528 78 33 have
363 530 75 31 such
469 543 83 19 neAvs
583 536 31 26 to
651 532 70 40 give
875 532 63 31 said

119 588 145 32 Madame
291 590 36 31 de
353 590 155 32 Clavreuil
522 604 6 27 ;
583 603 85 19 come
690 591 89 41 quick
780 610 41 4 —
824 592 74 31 such
920 604 18 19 a

113 649 55 43 joy
179 651 6 30 !
210 651 76 31 such
302 663 19 19 a
337 652 132 40 surprise
483 653 6 30 !

160 711 38 31 In
213 711 54 32 the
283 711 65 32 face
366 712 35 31 of
419 712 157 31 whatever
592 712 51 31 the
660 718 91 26 event
777 713 101 41 might
900 714 36 31 be

116 772 69 32 that
216 773 91 31 could
335 772 72 32 thus
445 773 131 32 animate
614 773 54 32 her
705 775 119 40 usually
859 775 77 31 calm

117 835 129 39 mother,
276 835 101 32 Claire
402 835 110 41 simply
538 835 53 31 felt
614 835 69 31 how
705 836 170 31 indifferent
898 836 38 31 all

116 894 160 41 surprises,
294 894 144 31 however
443 894 106 41 joyful,
567 898 82 27 must
665 894 85 31 leave
765 894 63 32 her.
876 895 60 32 She

117 956 66 31 said
207 956 53 31 she
284 956 100 30 would
418 967 87 20 come
532 955 206 41 immediately
751 969 6 27 ;
787 961 55 35 got
872 956 64 32 into

117 1016 55 31 her
196 1016 145 41 carriage,
362 1015 61 31 and
446 1015 94 31 drove
564 1020 31 26 to
618 1016 142 31 Madame
784 1016 37 31 de
846 1016 90 32 Clav-

115 1076 110 40 reuil's,
253 1076 156 31 unmoved
440 1076 42 41 by
505 1087 59 30 any
587 1077 191 40 expectation
813 1089 33 19 or
876 1089 60 29 any

118 1138 90 40 hope.

163 1198 61 32 She
240 1198 61 31 had
317 1198 109 41 hardly
442 1198 122 31 crossed
588 1198 53 31 the
656 1198 158 31 threshold
833 1198 35 31 of
883 1198 50 31 the

118 1264 183 35 ante-room,
318 1258 152 40 however,
489 1258 89 32 when
602 1258 55 31 her
679 1259 120 31 mother
822 1258 111 31 rushed

115 1321 78 31 from
209 1320 53 31 the
278 1319 225 42 neighbouring
528 1321 97 39 salon,
644 1319 98 32 seized
767 1319 55 31 her
842 1318 89 40 hand,

115 1381 61 32 and
200 1381 152 40 dragging
375 1380 54 31 her
450 1380 79 31 back
544 1380 133 41 through
702 1379 53 32 the
782 1379 151 42 drawing-

113 1454 86 21 room
215 1443 64 31 into
296 1442 54 31 her
375 1453 69 19 own
459 1441 135 40 boudoir,
612 1441 145 41 indulged
778 1441 31 30 in
825 1452 38 19 an
878 1452 55 19 un-

113 1504 189 41 interrupted
320 1503 92 32 series
429 1502 34 32 of
474 1502 192 42 expressions
683 1502 34 31 of
728 1501 125 41 delight.
