<?xml version="1.0" encoding="UTF-8"?>
<alto xmlns:xsi="http://www.w3.org/2001/XMLSchema-instance" xsi:noNamespaceSchemaLocation="http://www.bl.uk/schemas/alto/alto-1-4.xsd" xmlns:xlink="http://www.w3.org/1999/xlink">
	<Description>
		<MeasurementUnit>mm10</MeasurementUnit>
		<sourceImageInformation>
			<fileName>//head1/IN/2007-46/A0010888503.3/008107.jp2</fileName>
		</sourceImageInformation>
		<OCRProcessing ID="OCRPROCESSING_1">
			<preProcessingStep>
				<processingSoftware>
					<softwareCreator>CCS Content Conversion Specialists GmbH, Germany</softwareCreator>
					<softwareName>CCS docWORKS</softwareName>
					<softwareVersion>6.1-0.62</softwareVersion>
				</processingSoftware>
			</preProcessingStep>
			<ocrProcessingStep>
				<processingSoftware>
					<softwareCreator>ABBYY (BIT Software), Russia</softwareCreator>
					<softwareName>Finereader</softwareName>
				</processingSoftware>
			</ocrProcessingStep>
		</OCRProcessing>
	</Description>
	<Styles>
		<TextStyle ID="TXT_0" FONTSIZE="11" FONTFAMILY="Courier New"/>
		<TextStyle ID="TXT_1" FONTSIZE="10" FONTFAMILY="Courier New"/>
		<ParagraphStyle ID="PAR_RIGHT" ALIGN="Right"/>
		<ParagraphStyle ID="PAR_LEFT" ALIGN="Left"/>
	</Styles>
	<Layout>
		<Page ID="P127" PHYSICAL_IMG_NR="127" HEIGHT="1710" WIDTH="1079" PRINTED_IMG_NR="117" POSITION="Right" ACCURACY="73.85">
			<TopMargin ID="P127_TM00001" HPOS="0" VPOS="0" WIDTH="1078" HEIGHT="116">
				<TextBlock ID="P127_TB00001" HPOS="853" VPOS="89" WIDTH="51" HEIGHT="26" STYLEREFS="TXT_0 PAR_RIGHT">
					<TextLine ID="P127_TL00001" HPOS="853" VPOS="89" WIDTH="51" HEIGHT="26">
						<String ID="P127_ST00001" HPOS="853" VPOS="89" WIDTH="51" HEIGHT="26" CONTENT="117" WC="1.00" CC="000"/>
					</TextLine>
				</TextBlock>
				<TextBlock ID="P127_TB00002" HPOS="305" VPOS="93" WIDTH="393" HEIGHT="22" STYLEREFS="TXT_1 PAR_LEFT">
					<TextLine ID="P127_TL00002" HPOS="306" VPOS="94" WIDTH="392" HEIGHT="21">
						<String ID="P127_ST00002" HPOS="306" VPOS="94" WIDTH="123" HEIGHT="21" CONTENT="COMING" WC="0.45" CC="509097"/>
						<SP ID="P127_SP00001" HPOS="429" VPOS="115" WIDTH="23"/>
						<String ID="P127_ST00003" HPOS="452" VPOS="95" WIDTH="37" HEIGHT="20" CONTENT="TO" WC="0.99" CC="00"/>
						<SP ID="P127_SP00002" HPOS="489" VPOS="115" WIDTH="24"/>
						<String ID="P127_ST00004" HPOS="513" VPOS="96" WIDTH="62" HEIGHT="19" CONTENT="THE" WC="0.71" CC="053"/>
						<SP ID="P127_SP00003" HPOS="575" VPOS="115" WIDTH="24"/>
						<String ID="P127_ST00005" HPOS="599" VPOS="96" WIDTH="99" HEIGHT="19" CONTENT="POINT." WC="0.87" CC="700000"/>
					</TextLine>
				</TextBlock>
			</TopMargin>
			<LeftMargin ID="P127_LM00001" HPOS="0" VPOS="116" WIDTH="87" HEIGHT="1440"/>
			<RightMargin ID="P127_RM00001" HPOS="924" VPOS="116" WIDTH="154" HEIGHT="1440"/>
			<BottomMargin ID="P127_BM00001" HPOS="0" VPOS="1556" WIDTH="1078" HEIGHT="154"/>
			<PrintSpace ID="P127_PS00001" HPOS="87" VPOS="116" WIDTH="837" HEIGHT="1440">
				<TextBlock ID="P127_TB00003" HPOS="88" VPOS="167" WIDTH="818" HEIGHT="103" STYLEREFS="TXT_1 PAR_LEFT">
					<TextLine ID="P127_TL00003" HPOS="89" VPOS="168" WIDTH="817" HEIGHT="45">
						<String ID="P127_ST00006" HPOS="89" VPOS="168" WIDTH="114" HEIGHT="33" CONTENT="almost" WC="0.70" CC="050056"/>
						<SP ID="P127_SP00004" HPOS="203" VPOS="201" WIDTH="30"/>
						<String ID="P127_ST00007" HPOS="233" VPOS="170" WIDTH="31" HEIGHT="31" CONTENT="in" WC="0.70" CC="60"/>
						<SP ID="P127_SP00005" HPOS="264" VPOS="201" WIDTH="31"/>
						<String ID="P127_ST00008" HPOS="295" VPOS="182" WIDTH="102" HEIGHT="31" CONTENT="agony" WC="0.89" CC="00130"/>
						<String ID="P127_ST00009" HPOS="398" VPOS="190" WIDTH="43" HEIGHT="4" CONTENT="—" WC="0.20" CC="8"/>
						<String ID="P127_ST00010" HPOS="443" VPOS="173" WIDTH="17" HEIGHT="13" CONTENT='"' WC="0.54" CC="4"/>
						<SP ID="P127_SP00006" HPOS="460" VPOS="213" WIDTH="17"/>
						<String ID="P127_ST00011" HPOS="477" VPOS="172" WIDTH="54" HEIGHT="32" CONTENT="but" WC="0.39" CC="556"/>
						<SP ID="P127_SP00007" HPOS="531" VPOS="213" WIDTH="26"/>
						<String ID="P127_ST00012" HPOS="557" VPOS="173" WIDTH="23" HEIGHT="31" CONTENT="it" WC="0.56" CC="25"/>
						<SP ID="P127_SP00008" HPOS="580" VPOS="213" WIDTH="30"/>
						<String ID="P127_ST00013" HPOS="610" VPOS="178" WIDTH="110" HEIGHT="26" CONTENT="cannot" WC="0.66" CC="007705"/>
						<SP ID="P127_SP00009" HPOS="720" VPOS="213" WIDTH="21"/>
						<String ID="P127_ST00014" HPOS="741" VPOS="172" WIDTH="38" HEIGHT="31" CONTENT="be" WC="0.90" CC="20"/>
						<String ID="P127_ST00015" HPOS="792" VPOS="173" WIDTH="6" HEIGHT="31" CONTENT="!" WC="1.00" CC="0"/>
						<SP ID="P127_SP00010" HPOS="798" VPOS="213" WIDTH="32"/>
						<String ID="P127_ST00016" HPOS="830" VPOS="172" WIDTH="23" HEIGHT="30" CONTENT="it" WC="0.54" CC="08"/>
						<SP ID="P127_SP00011" HPOS="853" VPOS="213" WIDTH="31"/>
						<String ID="P127_ST00017" HPOS="884" VPOS="171" WIDTH="22" HEIGHT="32" CONTENT="is" WC="0.58" CC="16"/>
					</TextLine>
					<TextLine ID="P127_TL00004" HPOS="92" VPOS="233" WIDTH="773" HEIGHT="37">
						<String ID="P127_ST00018" HPOS="92" VPOS="235" WIDTH="185" HEIGHT="35" CONTENT="monstrous," WC="0.65" CC="0074170643"/>
						<SP ID="P127_SP00012" HPOS="277" VPOS="270" WIDTH="18"/>
						<String ID="P127_ST00019" HPOS="295" VPOS="243" WIDTH="84" HEIGHT="21" CONTENT="some" WC="0.83" CC="6000"/>
						<SP ID="P127_SP00013" HPOS="379" VPOS="270" WIDTH="15"/>
						<String ID="P127_ST00020" HPOS="394" VPOS="244" WIDTH="105" HEIGHT="20" CONTENT="means" WC="0.78" CC="00064"/>
						<SP ID="P127_SP00014" HPOS="499" VPOS="270" WIDTH="16"/>
						<String ID="P127_ST00021" HPOS="515" VPOS="238" WIDTH="83" HEIGHT="27" CONTENT="must" WC="0.85" CC="0500"/>
						<SP ID="P127_SP00015" HPOS="598" VPOS="270" WIDTH="17"/>
						<String ID="P127_ST00022" HPOS="615" VPOS="234" WIDTH="38" HEIGHT="31" CONTENT="be" WC="0.63" CC="70"/>
						<SP ID="P127_SP00016" HPOS="653" VPOS="270" WIDTH="17"/>
						<String ID="P127_ST00023" HPOS="670" VPOS="234" WIDTH="92" HEIGHT="31" CONTENT="found" WC="0.59" CC="01359"/>
						<SP ID="P127_SP00017" HPOS="762" VPOS="270" WIDTH="88"/>
						<String ID="P127_ST00024" HPOS="850" VPOS="233" WIDTH="15" HEIGHT="12" CONTENT='"' WC="0.26" CC="7"/>
					</TextLine>
				</TextBlock>
				<TextBlock ID="P127_TB00004" HPOS="87" VPOS="291" WIDTH="829" HEIGHT="712" STYLEREFS="TXT_1 PAR_LEFT">
					<TextLine ID="P127_TL00005" HPOS="136" VPOS="291" WIDTH="773" HEIGHT="45">
						<String ID="P127_ST00025" HPOS="136" VPOS="292" WIDTH="17" HEIGHT="14" CONTENT='"' WC="0.78" CC="2"/>
						<SP ID="P127_SP00018" HPOS="153" VPOS="306" WIDTH="14"/>
						<String ID="P127_ST00026" HPOS="167" VPOS="291" WIDTH="99" HEIGHT="32" CONTENT="There" WC="0.79" CC="03060"/>
						<SP ID="P127_SP00019" HPOS="266" VPOS="323" WIDTH="25"/>
						<String ID="P127_ST00027" HPOS="291" VPOS="292" WIDTH="25" HEIGHT="32" CONTENT="is" WC="0.57" CC="26"/>
						<SP ID="P127_SP00020" HPOS="316" VPOS="324" WIDTH="25"/>
						<String ID="P127_ST00028" HPOS="341" VPOS="293" WIDTH="52" HEIGHT="32" CONTENT="the" WC="0.70" CC="061"/>
						<SP ID="P127_SP00021" HPOS="393" VPOS="325" WIDTH="21"/>
						<String ID="P127_ST00029" HPOS="414" VPOS="306" WIDTH="73" HEIGHT="29" CONTENT="very" WC="0.68" CC="6060"/>
						<SP ID="P127_SP00022" HPOS="487" VPOS="335" WIDTH="16"/>
						<String ID="P127_ST00030" HPOS="503" VPOS="295" WIDTH="86" HEIGHT="41" CONTENT="point" WC="0.90" CC="02200"/>
						<SP ID="P127_SP00023" HPOS="589" VPOS="336" WIDTH="25"/>
						<String ID="P127_ST00031" HPOS="614" VPOS="306" WIDTH="38" HEIGHT="20" CONTENT="on" WC="0.54" CC="26"/>
						<SP ID="P127_SP00024" HPOS="652" VPOS="336" WIDTH="27"/>
						<String ID="P127_ST00032" HPOS="679" VPOS="295" WIDTH="99" HEIGHT="31" CONTENT="which" WC="0.64" CC="07207"/>
						<SP ID="P127_SP00025" HPOS="778" VPOS="336" WIDTH="23"/>
						<String ID="P127_ST00033" HPOS="801" VPOS="295" WIDTH="15" HEIGHT="30" CONTENT="I" WC="1.00" CC="0"/>
						<SP ID="P127_SP00026" HPOS="816" VPOS="336" WIDTH="16"/>
						<String ID="P127_ST00034" HPOS="832" VPOS="294" WIDTH="77" HEIGHT="32" CONTENT="need" WC="0.86" CC="2020"/>
					</TextLine>
					<TextLine ID="P127_TL00006" HPOS="89" VPOS="353" WIDTH="820" HEIGHT="43">
						<String ID="P127_ST00035" HPOS="89" VPOS="364" WIDTH="80" HEIGHT="30" CONTENT="your" WC="0.35" CC="9672"/>
						<SP ID="P127_SP00027" HPOS="169" VPOS="394" WIDTH="22"/>
						<String ID="P127_ST00036" HPOS="191" VPOS="353" WIDTH="190" HEIGHT="42" CONTENT="indulgence," WC="0.75" CC="00066007070"/>
						<SP ID="P127_SP00028" HPOS="381" VPOS="395" WIDTH="19"/>
						<String ID="P127_ST00037" HPOS="400" VPOS="355" WIDTH="144" HEIGHT="32" CONTENT="Madame" WC="0.77" CC="040800"/>
						<SP ID="P127_SP00029" HPOS="544" VPOS="395" WIDTH="26"/>
						<String ID="P127_ST00038" HPOS="570" VPOS="356" WIDTH="30" HEIGHT="31" CONTENT="la" WC="0.92" CC="10"/>
						<SP ID="P127_SP00030" HPOS="600" VPOS="395" WIDTH="15"/>
						<String ID="P127_ST00039" HPOS="615" VPOS="356" WIDTH="186" HEIGHT="40" CONTENT='Marquise,"' WC="0.73" CC="0060606015"/>
						<SP ID="P127_SP00031" HPOS="801" VPOS="396" WIDTH="17"/>
						<String ID="P127_ST00040" HPOS="818" VPOS="356" WIDTH="91" HEIGHT="31" CONTENT="inter" SUBS_TYPE="HypPart1" SUBS_CONTENT="interposed" WC="0.64" CC="652060"/>
						<HYP CONTENT="-"/>
					</TextLine>
					<TextLine ID="P127_TL00007" HPOS="92" VPOS="414" WIDTH="824" HEIGHT="44">
						<String ID="P127_ST00041" HPOS="92" VPOS="414" WIDTH="96" HEIGHT="41" CONTENT="posed" SUBS_TYPE="HypPart2" SUBS_CONTENT="interposed" WC="0.79" CC="04500"/>
						<SP ID="P127_SP00032" HPOS="188" VPOS="455" WIDTH="34"/>
						<String ID="P127_ST00042" HPOS="222" VPOS="415" WIDTH="52" HEIGHT="31" CONTENT="the" WC="0.73" CC="070"/>
						<SP ID="P127_SP00033" HPOS="274" VPOS="455" WIDTH="31"/>
						<String ID="P127_ST00043" HPOS="305" VPOS="415" WIDTH="160" HEIGHT="41" CONTENT="ingenious" WC="0.69" CC="340050067"/>
						<SP ID="P127_SP00034" HPOS="465" VPOS="456" WIDTH="32"/>
						<String ID="P127_ST00044" HPOS="497" VPOS="417" WIDTH="137" HEIGHT="41" CONTENT="Aspasie," WC="0.79" CC="05005310"/>
						<SP ID="P127_SP00035" HPOS="634" VPOS="458" WIDTH="28"/>
						<String ID="P127_ST00045" HPOS="662" VPOS="418" WIDTH="16" HEIGHT="13" CONTENT='"' WC="0.56" CC="4"/>
						<SP ID="P127_SP00036" HPOS="678" VPOS="458" WIDTH="17"/>
						<String ID="P127_ST00046" HPOS="695" VPOS="428" WIDTH="59" HEIGHT="30" CONTENT="you" WC="0.76" CC="007"/>
						<SP ID="P127_SP00037" HPOS="754" VPOS="458" WIDTH="26"/>
						<String ID="P127_ST00047" HPOS="780" VPOS="416" WIDTH="136" HEIGHT="41" CONTENT="yourself" WC="0.76" CC="03554000"/>
					</TextLine>
					<TextLine ID="P127_TL00008" HPOS="93" VPOS="475" WIDTH="819" HEIGHT="41">
						<String ID="P127_ST00048" HPOS="93" VPOS="478" WIDTH="83" HEIGHT="27" CONTENT="utter" WC="0.75" CC="70500"/>
						<SP ID="P127_SP00038" HPOS="176" VPOS="505" WIDTH="20"/>
						<String ID="P127_ST00049" HPOS="196" VPOS="486" WIDTH="70" HEIGHT="20" CONTENT="now" WC="1.00" CC="000"/>
						<SP ID="P127_SP00039" HPOS="266" VPOS="506" WIDTH="24"/>
						<String ID="P127_ST00050" HPOS="290" VPOS="475" WIDTH="53" HEIGHT="31" CONTENT="the" WC="0.53" CC="670"/>
						<SP ID="P127_SP00040" HPOS="343" VPOS="506" WIDTH="22"/>
						<String ID="P127_ST00051" HPOS="365" VPOS="487" WIDTH="76" HEIGHT="29" CONTENT="very" WC="0.84" CC="0410"/>
						<SP ID="P127_SP00041" HPOS="441" VPOS="516" WIDTH="23"/>
						<String ID="P127_ST00052" HPOS="464" VPOS="475" WIDTH="100" HEIGHT="33" CONTENT="words" WC="0.66" CC="70071"/>
						<SP ID="P127_SP00042" HPOS="564" VPOS="516" WIDTH="22"/>
						<String ID="P127_ST00053" HPOS="586" VPOS="476" WIDTH="99" HEIGHT="31" CONTENT="which" WC="0.57" CC="07607"/>
						<SP ID="P127_SP00043" HPOS="685" VPOS="516" WIDTH="22"/>
						<String ID="P127_ST00054" HPOS="707" VPOS="477" WIDTH="14" HEIGHT="30" CONTENT="I" WC="1.00" CC="0"/>
						<SP ID="P127_SP00044" HPOS="721" VPOS="516" WIDTH="19"/>
						<String ID="P127_ST00055" HPOS="740" VPOS="477" WIDTH="118" HEIGHT="31" CONTENT="uttered" WC="0.77" CC="6020700"/>
						<SP ID="P127_SP00045" HPOS="858" VPOS="516" WIDTH="22"/>
						<String ID="P127_ST00056" HPOS="880" VPOS="481" WIDTH="32" HEIGHT="27" CONTENT="to" WC="1.00" CC="00"/>
					</TextLine>
					<TextLine ID="P127_TL00009" HPOS="94" VPOS="536" WIDTH="818" HEIGHT="41">
						<String ID="P127_ST00057" HPOS="94" VPOS="536" WIDTH="119" HEIGHT="41" CONTENT="myself." WC="0.78" CC="0030640"/>
						<SP ID="P127_SP00046" HPOS="213" VPOS="577" WIDTH="48"/>
						<String ID="P127_ST00058" HPOS="261" VPOS="536" WIDTH="15" HEIGHT="30" CONTENT="I" WC="0.86" CC="1"/>
						<SP ID="P127_SP00047" HPOS="276" VPOS="577" WIDTH="17"/>
						<String ID="P127_ST00059" HPOS="293" VPOS="536" WIDTH="65" HEIGHT="31" CONTENT="said" WC="0.88" CC="4000"/>
						<SP ID="P127_SP00048" HPOS="358" VPOS="577" WIDTH="16"/>
						<String ID="P127_ST00060" HPOS="374" VPOS="541" WIDTH="31" HEIGHT="26" CONTENT="to" WC="1.00" CC="00"/>
						<SP ID="P127_SP00049" HPOS="405" VPOS="577" WIDTH="17"/>
						<String ID="P127_ST00061" HPOS="422" VPOS="536" WIDTH="114" HEIGHT="41" CONTENT="myself" WC="0.85" CC="005300"/>
						<SP ID="P127_SP00050" HPOS="536" VPOS="577" WIDTH="17"/>
						<String ID="P127_ST00062" HPOS="553" VPOS="537" WIDTH="68" HEIGHT="31" CONTENT="that" WC="0.55" CC="7703"/>
						<SP ID="P127_SP00051" HPOS="621" VPOS="577" WIDTH="16"/>
						<String ID="P127_ST00063" HPOS="637" VPOS="537" WIDTH="172" HEIGHT="40" CONTENT="something" WC="0.78" CC="504007200"/>
						<SP ID="P127_SP00052" HPOS="809" VPOS="577" WIDTH="21"/>
						<String ID="P127_ST00064" HPOS="830" VPOS="540" WIDTH="82" HEIGHT="27" CONTENT="must" WC="0.63" CC="0436"/>
					</TextLine>
					<TextLine ID="P127_TL00010" HPOS="94" VPOS="596" WIDTH="819" HEIGHT="41">
						<String ID="P127_ST00065" HPOS="94" VPOS="596" WIDTH="39" HEIGHT="31" CONTENT="be" WC="0.64" CC="70"/>
						<SP ID="P127_SP00053" HPOS="133" VPOS="627" WIDTH="28"/>
						<String ID="P127_ST00066" HPOS="161" VPOS="597" WIDTH="79" HEIGHT="31" CONTENT="done" WC="0.81" CC="0060"/>
						<SP ID="P127_SP00054" HPOS="240" VPOS="628" WIDTH="15"/>
						<String ID="P127_ST00067" HPOS="255" VPOS="610" WIDTH="6" HEIGHT="27" CONTENT=";" WC="0.90" CC="0"/>
						<SP ID="P127_SP00055" HPOS="261" VPOS="637" WIDTH="25"/>
						<String ID="P127_ST00068" HPOS="286" VPOS="597" WIDTH="68" HEIGHT="31" CONTENT="that" WC="0.78" CC="0701"/>
						<SP ID="P127_SP00056" HPOS="354" VPOS="637" WIDTH="22"/>
						<String ID="P127_ST00069" HPOS="376" VPOS="597" WIDTH="26" HEIGHT="31" CONTENT="it" WC="0.45" CC="55"/>
						<SP ID="P127_SP00057" HPOS="402" VPOS="637" WIDTH="32"/>
						<String ID="P127_ST00070" HPOS="434" VPOS="609" WIDTH="63" HEIGHT="19" CONTENT="was" WC="0.55" CC="903"/>
						<SP ID="P127_SP00058" HPOS="497" VPOS="637" WIDTH="29"/>
						<String ID="P127_ST00071" HPOS="526" VPOS="602" WIDTH="52" HEIGHT="27" CONTENT="too" WC="0.96" CC="010"/>
						<SP ID="P127_SP00059" HPOS="578" VPOS="637" WIDTH="30"/>
						<String ID="P127_ST00072" HPOS="608" VPOS="603" WIDTH="171" HEIGHT="26" CONTENT="monstrous" WC="0.59" CC="015646065"/>
						<String ID="P127_ST00073" HPOS="792" VPOS="611" WIDTH="6" HEIGHT="26" CONTENT=";" WC="1.00" CC="0"/>
						<SP ID="P127_SP00060" HPOS="798" VPOS="637" WIDTH="31"/>
						<String ID="P127_ST00074" HPOS="829" VPOS="598" WIDTH="84" HEIGHT="31" CONTENT="there" WC="0.73" CC="07041"/>
					</TextLine>
					<TextLine ID="P127_TL00011" HPOS="95" VPOS="659" WIDTH="820" HEIGHT="41">
						<String ID="P127_ST00075" HPOS="95" VPOS="671" WIDTH="64" HEIGHT="19" CONTENT="was" WC="0.70" CC="035"/>
						<SP ID="P127_SP00061" HPOS="159" VPOS="690" WIDTH="16"/>
						<String ID="P127_ST00076" HPOS="175" VPOS="671" WIDTH="52" HEIGHT="29" CONTENT="my" WC="1.00" CC="00"/>
						<SP ID="P127_SP00062" HPOS="227" VPOS="700" WIDTH="13"/>
						<String ID="P127_ST00077" HPOS="240" VPOS="659" WIDTH="166" HEIGHT="39" CONTENT="weakness," WC="0.71" CC="000066551"/>
						<SP ID="P127_SP00063" HPOS="406" VPOS="700" WIDTH="19"/>
						<String ID="P127_ST00078" HPOS="425" VPOS="659" WIDTH="14" HEIGHT="30" CONTENT="I" WC="1.00" CC="0"/>
						<SP ID="P127_SP00064" HPOS="439" VPOS="700" WIDTH="21"/>
						<String ID="P127_ST00079" HPOS="460" VPOS="670" WIDTH="87" HEIGHT="20" CONTENT="avow" WC="0.88" CC="0220"/>
						<SP ID="P127_SP00065" HPOS="547" VPOS="700" WIDTH="22"/>
						<String ID="P127_ST00080" HPOS="569" VPOS="659" WIDTH="22" HEIGHT="31" CONTENT="it" WC="0.76" CC="40"/>
						<SP ID="P127_SP00066" HPOS="591" VPOS="700" WIDTH="21"/>
						<String ID="P127_ST00081" HPOS="612" VPOS="659" WIDTH="60" HEIGHT="31" CONTENT="and" WC="0.83" CC="050"/>
						<SP ID="P127_SP00067" HPOS="672" VPOS="700" WIDTH="20"/>
						<String ID="P127_ST00082" HPOS="692" VPOS="659" WIDTH="125" HEIGHT="41" CONTENT="implore" WC="0.84" CC="6000310"/>
						<SP ID="P127_SP00068" HPOS="817" VPOS="700" WIDTH="23"/>
						<String ID="P127_ST00083" HPOS="840" VPOS="671" WIDTH="75" HEIGHT="28" CONTENT="your" WC="0.82" CC="0330"/>
					</TextLine>
					<TextLine ID="P127_TL00012" HPOS="96" VPOS="719" WIDTH="819" HEIGHT="42">
						<String ID="P127_ST00084" HPOS="96" VPOS="720" WIDTH="118" HEIGHT="41" CONTENT="pardon" WC="0.74" CC="095000"/>
						<String ID="P127_ST00085" HPOS="216" VPOS="738" WIDTH="42" HEIGHT="3" CONTENT="—" WC="0.20" CC="8"/>
						<String ID="P127_ST00086" HPOS="260" VPOS="720" WIDTH="15" HEIGHT="30" CONTENT="I" WC="1.00" CC="0"/>
						<SP ID="P127_SP00069" HPOS="275" VPOS="761" WIDTH="31"/>
						<String ID="P127_ST00087" HPOS="306" VPOS="731" WIDTH="64" HEIGHT="19" CONTENT="was" WC="0.82" CC="005"/>
						<SP ID="P127_SP00070" HPOS="370" VPOS="761" WIDTH="30"/>
						<String ID="P127_ST00088" HPOS="400" VPOS="719" WIDTH="175" HEIGHT="41" CONTENT="precipitate" WC="0.82" CC="05000041800"/>
						<String ID="P127_ST00089" HPOS="578" VPOS="739" WIDTH="41" HEIGHT="2" CONTENT="—" WC="0.20" CC="8"/>
						<String ID="P127_ST00090" HPOS="622" VPOS="720" WIDTH="14" HEIGHT="30" CONTENT="I" WC="1.00" CC="0"/>
						<SP ID="P127_SP00071" HPOS="636" VPOS="761" WIDTH="34"/>
						<String ID="P127_ST00091" HPOS="670" VPOS="720" WIDTH="88" HEIGHT="31" CONTENT="acted" WC="0.83" CC="70000"/>
						<SP ID="P127_SP00072" HPOS="758" VPOS="761" WIDTH="30"/>
						<String ID="P127_ST00092" HPOS="788" VPOS="731" WIDTH="38" HEIGHT="20" CONTENT="on" WC="0.53" CC="27"/>
						<SP ID="P127_SP00073" HPOS="826" VPOS="761" WIDTH="36"/>
						<String ID="P127_ST00093" HPOS="862" VPOS="719" WIDTH="53" HEIGHT="32" CONTENT="the" WC="0.75" CC="070"/>
					</TextLine>
					<TextLine ID="P127_TL00013" HPOS="95" VPOS="780" WIDTH="821" HEIGHT="42">
						<String ID="P127_ST00094" HPOS="95" VPOS="781" WIDTH="68" HEIGHT="30" CONTENT="first" WC="0.76" CC="00064"/>
						<SP ID="P127_SP00074" HPOS="163" VPOS="811" WIDTH="25"/>
						<String ID="P127_ST00095" HPOS="188" VPOS="780" WIDTH="140" HEIGHT="42" CONTENT="impulse," WC="0.74" CC="20060640"/>
						<SP ID="P127_SP00075" HPOS="328" VPOS="822" WIDTH="24"/>
						<String ID="P127_ST00096" HPOS="352" VPOS="780" WIDTH="68" HEIGHT="40" CONTENT="and," WC="1.00" CC="0000"/>
						<SP ID="P127_SP00076" HPOS="420" VPOS="822" WIDTH="28"/>
						<String ID="P127_ST00097" HPOS="448" VPOS="780" WIDTH="89" HEIGHT="31" CONTENT="when" WC="0.61" CC="0708"/>
						<SP ID="P127_SP00077" HPOS="537" VPOS="822" WIDTH="21"/>
						<String ID="P127_ST00098" HPOS="558" VPOS="781" WIDTH="15" HEIGHT="30" CONTENT="I" WC="0.63" CC="3"/>
						<SP ID="P127_SP00078" HPOS="573" VPOS="822" WIDTH="27"/>
						<String ID="P127_ST00099" HPOS="600" VPOS="792" WIDTH="85" HEIGHT="20" CONTENT="came" WC="0.82" CC="7000"/>
						<SP ID="P127_SP00079" HPOS="685" VPOS="822" WIDTH="24"/>
						<String ID="P127_ST00100" HPOS="709" VPOS="786" WIDTH="31" HEIGHT="26" CONTENT="to" WC="1.00" CC="00"/>
						<SP ID="P127_SP00080" HPOS="740" VPOS="822" WIDTH="25"/>
						<String ID="P127_ST00101" HPOS="765" VPOS="781" WIDTH="111" HEIGHT="39" CONTENT="reflect," WC="0.94" CC="30000000"/>
						<SP ID="P127_SP00081" HPOS="876" VPOS="822" WIDTH="25"/>
						<String ID="P127_ST00102" HPOS="901" VPOS="781" WIDTH="15" HEIGHT="31" CONTENT="I" WC="1.00" CC="0"/>
					</TextLine>
					<TextLine ID="P127_TL00014" HPOS="95" VPOS="841" WIDTH="821" HEIGHT="40">
						<String ID="P127_ST00103" HPOS="95" VPOS="841" WIDTH="93" HEIGHT="32" CONTENT="could" WC="0.46" CC="77560"/>
						<SP ID="P127_SP00082" HPOS="188" VPOS="873" WIDTH="16"/>
						<String ID="P127_ST00104" HPOS="204" VPOS="841" WIDTH="30" HEIGHT="31" CONTENT="in" WC="0.65" CC="42"/>
						<SP ID="P127_SP00083" HPOS="234" VPOS="873" WIDTH="16"/>
						<String ID="P127_ST00105" HPOS="250" VPOS="841" WIDTH="63" HEIGHT="31" CONTENT="fact" WC="0.91" CC="0300"/>
						<SP ID="P127_SP00084" HPOS="313" VPOS="873" WIDTH="15"/>
						<String ID="P127_ST00106" HPOS="328" VPOS="841" WIDTH="64" HEIGHT="30" CONTENT="find" WC="0.93" CC="0020"/>
						<SP ID="P127_SP00085" HPOS="392" VPOS="873" WIDTH="16"/>
						<String ID="P127_ST00107" HPOS="408" VPOS="845" WIDTH="53" HEIGHT="27" CONTENT="out" WC="0.70" CC="053"/>
						<SP ID="P127_SP00086" HPOS="461" VPOS="873" WIDTH="14"/>
						<String ID="P127_ST00108" HPOS="475" VPOS="852" WIDTH="40" HEIGHT="20" CONTENT="no" WC="0.52" CC="53"/>
						<SP ID="P127_SP00087" HPOS="515" VPOS="873" WIDTH="17"/>
						<String ID="P127_ST00109" HPOS="532" VPOS="853" WIDTH="57" HEIGHT="19" CONTENT="one" WC="0.71" CC="160"/>
						<SP ID="P127_SP00088" HPOS="589" VPOS="873" WIDTH="16"/>
						<String ID="P127_ST00110" HPOS="605" VPOS="841" WIDTH="89" HEIGHT="40" CONTENT="thing" WC="0.59" CC="17470"/>
						<SP ID="P127_SP00089" HPOS="694" VPOS="881" WIDTH="15"/>
						<String ID="P127_ST00111" HPOS="709" VPOS="841" WIDTH="31" HEIGHT="31" CONTENT="in" WC="0.46" CC="37"/>
						<SP ID="P127_SP00090" HPOS="740" VPOS="881" WIDTH="15"/>
						<String ID="P127_ST00112" HPOS="755" VPOS="841" WIDTH="52" HEIGHT="31" CONTENT="the" WC="0.75" CC="070"/>
						<SP ID="P127_SP00091" HPOS="807" VPOS="881" WIDTH="16"/>
						<String ID="P127_ST00113" HPOS="823" VPOS="841" WIDTH="93" HEIGHT="31" CONTENT="world" WC="0.88" CC="00500"/>
					</TextLine>
					<TextLine ID="P127_TL00015" HPOS="96" VPOS="902" WIDTH="820" HEIGHT="41">
						<String ID="P127_ST00114" HPOS="96" VPOS="903" WIDTH="69" HEIGHT="32" CONTENT="that" WC="0.73" CC="0702"/>
						<SP ID="P127_SP00092" HPOS="165" VPOS="935" WIDTH="30"/>
						<String ID="P127_ST00115" HPOS="195" VPOS="903" WIDTH="91" HEIGHT="31" CONTENT="could" WC="0.66" CC="03760"/>
						<SP ID="P127_SP00093" HPOS="286" VPOS="935" WIDTH="24"/>
						<String ID="P127_ST00116" HPOS="310" VPOS="903" WIDTH="38" HEIGHT="30" CONTENT="be" WC="0.83" CC="30"/>
						<SP ID="P127_SP00094" HPOS="348" VPOS="935" WIDTH="24"/>
						<String ID="P127_ST00117" HPOS="372" VPOS="902" WIDTH="179" HEIGHT="41" CONTENT="attempted." WC="0.90" CC="0360000000"/>
						<SP ID="P127_SP00095" HPOS="551" VPOS="943" WIDTH="56"/>
						<String ID="P127_ST00118" HPOS="607" VPOS="902" WIDTH="34" HEIGHT="30" CONTENT="In" WC="0.92" CC="01"/>
						<SP ID="P127_SP00096" HPOS="641" VPOS="943" WIDTH="24"/>
						<String ID="P127_ST00119" HPOS="665" VPOS="903" WIDTH="107" HEIGHT="40" CONTENT="reality" WC="0.74" CC="4304500"/>
						<SP ID="P127_SP00097" HPOS="772" VPOS="943" WIDTH="26"/>
						<String ID="P127_ST00120" HPOS="798" VPOS="902" WIDTH="46" HEIGHT="31" CONTENT="for" WC="0.70" CC="053"/>
						<SP ID="P127_SP00098" HPOS="844" VPOS="943" WIDTH="21"/>
						<String ID="P127_ST00121" HPOS="865" VPOS="902" WIDTH="51" HEIGHT="31" CONTENT="the" WC="0.75" CC="070"/>
					</TextLine>
					<TextLine ID="P127_TL00016" HPOS="97" VPOS="962" WIDTH="799" HEIGHT="41">
						<String ID="P127_ST00122" HPOS="97" VPOS="963" WIDTH="179" HEIGHT="40" CONTENT="something" WC="0.59" CC="600367109"/>
						<SP ID="P127_SP00099" HPOS="276" VPOS="1003" WIDTH="16"/>
						<String ID="P127_ST00123" HPOS="292" VPOS="968" WIDTH="32" HEIGHT="26" CONTENT="to" WC="0.80" CC="40"/>
						<SP ID="P127_SP00100" HPOS="324" VPOS="1003" WIDTH="16"/>
						<String ID="P127_ST00124" HPOS="340" VPOS="963" WIDTH="38" HEIGHT="31" CONTENT="be" WC="0.70" CC="50"/>
						<SP ID="P127_SP00101" HPOS="378" VPOS="1003" WIDTH="18"/>
						<String ID="P127_ST00125" HPOS="396" VPOS="962" WIDTH="78" HEIGHT="32" CONTENT="done" WC="0.56" CC="7550"/>
						<SP ID="P127_SP00102" HPOS="474" VPOS="1003" WIDTH="17"/>
						<String ID="P127_ST00126" HPOS="491" VPOS="963" WIDTH="15" HEIGHT="30" CONTENT="I" WC="1.00" CC="0"/>
						<SP ID="P127_SP00103" HPOS="506" VPOS="1003" WIDTH="18"/>
						<String ID="P127_ST00127" HPOS="524" VPOS="962" WIDTH="61" HEIGHT="31" CONTENT="had" WC="0.48" CC="770"/>
						<SP ID="P127_SP00104" HPOS="585" VPOS="1003" WIDTH="16"/>
						<String ID="P127_ST00128" HPOS="601" VPOS="963" WIDTH="93" HEIGHT="30" CONTENT="relied" WC="0.73" CC="405500"/>
						<SP ID="P127_SP00105" HPOS="694" VPOS="1003" WIDTH="15"/>
						<String ID="P127_ST00129" HPOS="709" VPOS="974" WIDTH="81" HEIGHT="29" CONTENT="upon" WC="0.67" CC="7006"/>
						<SP ID="P127_SP00106" HPOS="790" VPOS="1003" WIDTH="17"/>
						<String ID="P127_ST00130" HPOS="807" VPOS="963" WIDTH="89" HEIGHT="40" CONTENT='you."' WC="0.67" CC="04507"/>
					</TextLine>
				</TextBlock>
				<TextBlock ID="P127_TB00005" HPOS="97" VPOS="1022" WIDTH="820" HEIGHT="165" STYLEREFS="TXT_1 PAR_LEFT">
					<TextLine ID="P127_TL00017" HPOS="144" VPOS="1023" WIDTH="773" HEIGHT="44">
						<String ID="P127_ST00131" HPOS="144" VPOS="1025" WIDTH="124" HEIGHT="42" CONTENT='"Upon' WC="0.74" CC="41006"/>
						<SP ID="P127_SP00107" HPOS="268" VPOS="1067" WIDTH="24"/>
						<String ID="P127_ST00132" HPOS="292" VPOS="1024" WIDTH="99" HEIGHT="32" CONTENT='me?"' WC="0.86" CC="0005"/>
						<SP ID="P127_SP00108" HPOS="391" VPOS="1067" WIDTH="18"/>
						<String ID="P127_ST00133" HPOS="409" VPOS="1023" WIDTH="133" HEIGHT="32" CONTENT="retorted" WC="0.79" CC="50025030"/>
						<SP ID="P127_SP00109" HPOS="542" VPOS="1067" WIDTH="23"/>
						<String ID="P127_ST00134" HPOS="565" VPOS="1023" WIDTH="52" HEIGHT="31" CONTENT="the" WC="0.75" CC="070"/>
						<SP ID="P127_SP00110" HPOS="617" VPOS="1067" WIDTH="24"/>
						<String ID="P127_ST00135" HPOS="641" VPOS="1023" WIDTH="153" HEIGHT="41" CONTENT="Dowager" WC="0.81" CC="0080005"/>
						<SP ID="P127_SP00111" HPOS="794" VPOS="1067" WIDTH="20"/>
						<String ID="P127_ST00136" HPOS="814" VPOS="1024" WIDTH="72" HEIGHT="31" CONTENT="with" WC="0.72" CC="0306"/>
						<SP ID="P127_SP00112" HPOS="886" VPOS="1067" WIDTH="15"/>
						<String ID="P127_ST00137" HPOS="901" VPOS="1035" WIDTH="16" HEIGHT="20" CONTENT="a" WC="1.00" CC="0"/>
					</TextLine>
					<TextLine ID="P127_TL00018" HPOS="99" VPOS="1084" WIDTH="818" HEIGHT="43">
						<String ID="P127_ST00138" HPOS="99" VPOS="1097" WIDTH="89" HEIGHT="21" CONTENT="sneer" WC="0.77" CC="50006"/>
						<SP ID="P127_SP00113" HPOS="188" VPOS="1118" WIDTH="11"/>
						<String ID="P127_ST00139" HPOS="199" VPOS="1099" WIDTH="6" HEIGHT="27" CONTENT=";" WC="1.00" CC="0"/>
						<SP ID="P127_SP00114" HPOS="205" VPOS="1126" WIDTH="27"/>
						<String ID="P127_ST00140" HPOS="232" VPOS="1087" WIDTH="17" HEIGHT="14" CONTENT='"' WC="0.47" CC="5"/>
						<SP ID="P127_SP00115" HPOS="249" VPOS="1126" WIDTH="11"/>
						<String ID="P127_ST00141" HPOS="260" VPOS="1085" WIDTH="80" HEIGHT="42" CONTENT="why," WC="0.75" CC="0702"/>
						<SP ID="P127_SP00116" HPOS="340" VPOS="1127" WIDTH="19"/>
						<String ID="P127_ST00142" HPOS="359" VPOS="1085" WIDTH="82" HEIGHT="31" CONTENT="what" WC="0.81" CC="0700"/>
						<SP ID="P127_SP00117" HPOS="441" VPOS="1127" WIDTH="23"/>
						<String ID="P127_ST00143" HPOS="464" VPOS="1084" WIDTH="30" HEIGHT="32" CONTENT="in" WC="0.48" CC="45"/>
						<SP ID="P127_SP00118" HPOS="494" VPOS="1127" WIDTH="24"/>
						<String ID="P127_ST00144" HPOS="518" VPOS="1084" WIDTH="156" HEIGHT="32" CONTENT="Heaven's" WC="0.73" CC="40260205"/>
						<SP ID="P127_SP00119" HPOS="674" VPOS="1127" WIDTH="15"/>
						<String ID="P127_ST00145" HPOS="689" VPOS="1096" WIDTH="89" HEIGHT="20" CONTENT="name" WC="0.74" CC="5500"/>
						<SP ID="P127_SP00120" HPOS="778" VPOS="1127" WIDTH="17"/>
						<String ID="P127_ST00146" HPOS="795" VPOS="1085" WIDTH="49" HEIGHT="30" CONTENT="did" WC="1.00" CC="000"/>
						<SP ID="P127_SP00121" HPOS="844" VPOS="1127" WIDTH="15"/>
						<String ID="P127_ST00147" HPOS="859" VPOS="1096" WIDTH="58" HEIGHT="30" CONTENT="you" WC="0.80" CC="006"/>
					</TextLine>
					<TextLine ID="P127_TL00019" HPOS="98" VPOS="1145" WIDTH="374" HEIGHT="42">
						<String ID="P127_ST00148" HPOS="98" VPOS="1146" WIDTH="134" HEIGHT="41" CONTENT="imagine" WC="0.73" CC="5000660"/>
						<SP ID="P127_SP00122" HPOS="232" VPOS="1187" WIDTH="16"/>
						<String ID="P127_ST00149" HPOS="248" VPOS="1146" WIDTH="15" HEIGHT="32" CONTENT="I" WC="0.56" CC="4"/>
						<SP ID="P127_SP00123" HPOS="263" VPOS="1187" WIDTH="16"/>
						<String ID="P127_ST00150" HPOS="279" VPOS="1145" WIDTH="89" HEIGHT="33" CONTENT="could" WC="0.74" CC="03710"/>
						<SP ID="P127_SP00124" HPOS="368" VPOS="1187" WIDTH="15"/>
						<String ID="P127_ST00151" HPOS="383" VPOS="1145" WIDTH="38" HEIGHT="32" CONTENT="do" WC="1.00" CC="00"/>
						<SP ID="P127_SP00125" HPOS="421" VPOS="1187" WIDTH="10"/>
						<String ID="P127_ST00152" HPOS="431" VPOS="1147" WIDTH="14" HEIGHT="31" CONTENT="?" WC="1.00" CC="0"/>
						<SP ID="P127_SP00126" HPOS="445" VPOS="1187" WIDTH="11"/>
						<String ID="P127_ST00153" HPOS="456" VPOS="1146" WIDTH="16" HEIGHT="12" CONTENT='"' WC="0.47" CC="5"/>
					</TextLine>
				</TextBlock>
				<TextBlock ID="P127_TB00006" HPOS="98" VPOS="1205" WIDTH="826" HEIGHT="351" STYLEREFS="TXT_1 PAR_LEFT">
					<TextLine ID="P127_TL00020" HPOS="146" VPOS="1206" WIDTH="775" HEIGHT="42">
						<String ID="P127_ST00154" HPOS="146" VPOS="1210" WIDTH="17" HEIGHT="13" CONTENT='"' WC="0.79" CC="2"/>
						<SP ID="P127_SP00127" HPOS="163" VPOS="1223" WIDTH="12"/>
						<String ID="P127_ST00155" HPOS="175" VPOS="1208" WIDTH="15" HEIGHT="31" CONTENT="I" WC="0.65" CC="3"/>
						<SP ID="P127_SP00128" HPOS="190" VPOS="1239" WIDTH="26"/>
						<String ID="P127_ST00156" HPOS="216" VPOS="1219" WIDTH="62" HEIGHT="20" CONTENT="was" WC="0.60" CC="064"/>
						<SP ID="P127_SP00129" HPOS="278" VPOS="1239" WIDTH="26"/>
						<String ID="P127_ST00157" HPOS="304" VPOS="1207" WIDTH="95" HEIGHT="40" CONTENT="weak," WC="0.98" CC="00001"/>
						<SP ID="P127_SP00130" HPOS="399" VPOS="1247" WIDTH="26"/>
						<String ID="P127_ST00158" HPOS="425" VPOS="1206" WIDTH="67" HEIGHT="42" CONTENT="silly" WC="0.81" CC="63000"/>
						<String ID="P127_ST00159" HPOS="492" VPOS="1225" WIDTH="43" HEIGHT="4" CONTENT="—" WC="0.20" CC="8"/>
						<String ID="P127_ST00160" HPOS="536" VPOS="1206" WIDTH="232" HEIGHT="42" CONTENT="unpardonably" WC="0.66" CC="730450035630"/>
						<SP ID="P127_SP00131" HPOS="768" VPOS="1248" WIDTH="21"/>
						<String ID="P127_ST00161" HPOS="789" VPOS="1206" WIDTH="62" HEIGHT="40" CONTENT='so,"' WC="0.69" CC="7004"/>
						<SP ID="P127_SP00132" HPOS="851" VPOS="1248" WIDTH="23"/>
						<String ID="P127_ST00162" HPOS="874" VPOS="1217" WIDTH="47" HEIGHT="21" CONTENT="re" SUBS_TYPE="HypPart1" SUBS_CONTENT="repeated" WC="0.56" CC="542"/>
						<HYP CONTENT="-"/>
					</TextLine>
					<TextLine ID="P127_TL00021" HPOS="100" VPOS="1267" WIDTH="823" HEIGHT="44">
						<String ID="P127_ST00163" HPOS="100" VPOS="1268" WIDTH="112" HEIGHT="43" CONTENT="peated" SUBS_TYPE="HypPart2" SUBS_CONTENT="repeated" WC="0.84" CC="900000"/>
						<SP ID="P127_SP00133" HPOS="212" VPOS="1311" WIDTH="26"/>
						<String ID="P127_ST00164" HPOS="238" VPOS="1268" WIDTH="83" HEIGHT="32" CONTENT="Mile," WC="0.93" CC="01200"/>
						<SP ID="P127_SP00134" HPOS="321" VPOS="1311" WIDTH="28"/>
						<String ID="P127_ST00165" HPOS="349" VPOS="1268" WIDTH="38" HEIGHT="31" CONTENT="de" WC="0.66" CC="06"/>
						<SP ID="P127_SP00135" HPOS="387" VPOS="1311" WIDTH="28"/>
						<String ID="P127_ST00166" HPOS="415" VPOS="1267" WIDTH="223" HEIGHT="42" CONTENT="Mourjonville," WC="0.76" CC="0066026030500"/>
						<SP ID="P127_SP00136" HPOS="638" VPOS="1311" WIDTH="21"/>
						<String ID="P127_ST00167" HPOS="659" VPOS="1267" WIDTH="82" HEIGHT="31" CONTENT='"but' WC="0.54" CC="4552"/>
						<SP ID="P127_SP00137" HPOS="741" VPOS="1311" WIDTH="24"/>
						<String ID="P127_ST00168" HPOS="765" VPOS="1267" WIDTH="15" HEIGHT="31" CONTENT="I" WC="0.81" CC="1"/>
						<SP ID="P127_SP00138" HPOS="780" VPOS="1311" WIDTH="25"/>
						<String ID="P127_ST00169" HPOS="805" VPOS="1278" WIDTH="62" HEIGHT="21" CONTENT="was" WC="0.79" CC="006"/>
						<SP ID="P127_SP00139" HPOS="867" VPOS="1311" WIDTH="22"/>
						<String ID="P127_ST00170" HPOS="889" VPOS="1278" WIDTH="34" HEIGHT="21" CONTENT="so" WC="0.76" CC="04"/>
					</TextLine>
					<TextLine ID="P127_TL00022" HPOS="100" VPOS="1328" WIDTH="823" HEIGHT="43">
						<String ID="P127_ST00171" HPOS="100" VPOS="1329" WIDTH="148" HEIGHT="34" CONTENT="confused" WC="0.79" CC="10007600"/>
						<SP ID="P127_SP00140" HPOS="248" VPOS="1363" WIDTH="17"/>
						<String ID="P127_ST00172" HPOS="265" VPOS="1334" WIDTH="31" HEIGHT="27" CONTENT="at" WC="0.91" CC="01"/>
						<SP ID="P127_SP00141" HPOS="296" VPOS="1363" WIDTH="16"/>
						<String ID="P127_ST00173" HPOS="312" VPOS="1329" WIDTH="66" HEIGHT="32" CONTENT="first" WC="0.72" CC="00660"/>
						<SP ID="P127_SP00142" HPOS="378" VPOS="1363" WIDTH="16"/>
						<String ID="P127_ST00174" HPOS="394" VPOS="1329" WIDTH="66" HEIGHT="32" CONTENT="that" WC="0.70" CC="0704"/>
						<SP ID="P127_SP00143" HPOS="460" VPOS="1363" WIDTH="16"/>
						<String ID="P127_ST00175" HPOS="476" VPOS="1329" WIDTH="15" HEIGHT="31" CONTENT="I" WC="1.00" CC="0"/>
						<SP ID="P127_SP00144" HPOS="491" VPOS="1363" WIDTH="17"/>
						<String ID="P127_ST00176" HPOS="508" VPOS="1328" WIDTH="51" HEIGHT="32" CONTENT="did" WC="0.64" CC="540"/>
						<SP ID="P127_SP00145" HPOS="559" VPOS="1363" WIDTH="16"/>
						<String ID="P127_ST00177" HPOS="575" VPOS="1333" WIDTH="52" HEIGHT="27" CONTENT="not" WC="0.72" CC="520"/>
						<SP ID="P127_SP00146" HPOS="627" VPOS="1363" WIDTH="14"/>
						<String ID="P127_ST00178" HPOS="641" VPOS="1328" WIDTH="72" HEIGHT="32" CONTENT="take" WC="0.95" CC="2000"/>
						<SP ID="P127_SP00147" HPOS="713" VPOS="1363" WIDTH="20"/>
						<String ID="P127_ST00179" HPOS="733" VPOS="1328" WIDTH="30" HEIGHT="31" CONTENT="in" WC="0.49" CC="36"/>
						<SP ID="P127_SP00148" HPOS="763" VPOS="1363" WIDTH="16"/>
						<String ID="P127_ST00180" HPOS="779" VPOS="1328" WIDTH="52" HEIGHT="32" CONTENT="the" WC="0.76" CC="070"/>
						<SP ID="P127_SP00149" HPOS="831" VPOS="1363" WIDTH="12"/>
						<String ID="P127_ST00181" HPOS="843" VPOS="1328" WIDTH="80" HEIGHT="43" CONTENT="posi" SUBS_TYPE="HypPart1" SUBS_CONTENT="position" WC="0.97" CC="00100"/>
						<HYP CONTENT="-"/>
					</TextLine>
					<TextLine ID="P127_TL00023" HPOS="100" VPOS="1389" WIDTH="824" HEIGHT="43">
						<String ID="P127_ST00182" HPOS="100" VPOS="1393" WIDTH="66" HEIGHT="31" CONTENT="tion" SUBS_TYPE="HypPart2" SUBS_CONTENT="position" WC="0.60" CC="1563"/>
						<SP ID="P127_SP00150" HPOS="166" VPOS="1424" WIDTH="23"/>
						<String ID="P127_ST00183" HPOS="189" VPOS="1403" WIDTH="34" HEIGHT="20" CONTENT="as" WC="0.71" CC="05"/>
						<SP ID="P127_SP00151" HPOS="223" VPOS="1424" WIDTH="26"/>
						<String ID="P127_ST00184" HPOS="249" VPOS="1391" WIDTH="22" HEIGHT="31" CONTENT="it" WC="0.71" CC="22"/>
						<SP ID="P127_SP00152" HPOS="271" VPOS="1424" WIDTH="24"/>
						<String ID="P127_ST00185" HPOS="295" VPOS="1390" WIDTH="114" HEIGHT="32" CONTENT="stands." WC="0.68" CC="6405050"/>
						<SP ID="P127_SP00153" HPOS="409" VPOS="1424" WIDTH="50"/>
						<String ID="P127_ST00186" HPOS="459" VPOS="1390" WIDTH="47" HEIGHT="42" CONTENT="By" WC="0.67" CC="60"/>
						<SP ID="P127_SP00154" HPOS="506" VPOS="1432" WIDTH="16"/>
						<String ID="P127_ST00187" HPOS="522" VPOS="1389" WIDTH="52" HEIGHT="33" CONTENT="the" WC="0.76" CC="070"/>
						<SP ID="P127_SP00155" HPOS="574" VPOS="1432" WIDTH="20"/>
						<String ID="P127_ST00188" HPOS="594" VPOS="1390" WIDTH="74" HEIGHT="32" CONTENT="time" WC="1.00" CC="0000"/>
						<SP ID="P127_SP00156" HPOS="668" VPOS="1432" WIDTH="19"/>
						<String ID="P127_ST00189" HPOS="687" VPOS="1390" WIDTH="15" HEIGHT="31" CONTENT="I" WC="1.00" CC="0"/>
						<SP ID="P127_SP00157" HPOS="702" VPOS="1432" WIDTH="16"/>
						<String ID="P127_ST00190" HPOS="718" VPOS="1389" WIDTH="59" HEIGHT="32" CONTENT="had" WC="0.76" CC="700"/>
						<SP ID="P127_SP00158" HPOS="777" VPOS="1432" WIDTH="16"/>
						<String ID="P127_ST00191" HPOS="793" VPOS="1389" WIDTH="131" HEIGHT="41" CONTENT="thought" WC="0.68" CC="0707070"/>
					</TextLine>
					<TextLine ID="P127_TL00024" HPOS="99" VPOS="1450" WIDTH="825" HEIGHT="43">
						<String ID="P127_ST00192" HPOS="99" VPOS="1455" WIDTH="26" HEIGHT="32" CONTENT="it" WC="0.72" CC="05"/>
						<SP ID="P127_SP00159" HPOS="125" VPOS="1487" WIDTH="15"/>
						<String ID="P127_ST00193" HPOS="140" VPOS="1453" WIDTH="70" HEIGHT="32" CONTENT="well" WC="0.96" CC="0001"/>
						<SP ID="P127_SP00160" HPOS="210" VPOS="1487" WIDTH="17"/>
						<String ID="P127_ST00194" HPOS="227" VPOS="1457" WIDTH="53" HEIGHT="27" CONTENT="out" WC="0.78" CC="420"/>
						<SP ID="P127_SP00161" HPOS="280" VPOS="1487" WIDTH="16"/>
						<String ID="P127_ST00195" HPOS="296" VPOS="1452" WIDTH="15" HEIGHT="31" CONTENT="I" WC="0.56" CC="4"/>
						<SP ID="P127_SP00162" HPOS="311" VPOS="1487" WIDTH="17"/>
						<String ID="P127_ST00196" HPOS="328" VPOS="1451" WIDTH="93" HEIGHT="32" CONTENT="could" WC="0.86" CC="00500"/>
						<SP ID="P127_SP00163" HPOS="421" VPOS="1487" WIDTH="16"/>
						<String ID="P127_ST00197" HPOS="437" VPOS="1463" WIDTH="50" HEIGHT="20" CONTENT="see" WC="0.76" CC="700"/>
						<SP ID="P127_SP00164" HPOS="487" VPOS="1487" WIDTH="24"/>
						<String ID="P127_ST00198" HPOS="511" VPOS="1451" WIDTH="94" HEIGHT="42" CONTENT="easily" WC="0.88" CC="004200"/>
						<SP ID="P127_SP00165" HPOS="605" VPOS="1493" WIDTH="16"/>
						<String ID="P127_ST00199" HPOS="621" VPOS="1450" WIDTH="123" HEIGHT="42" CONTENT="enough" WC="0.75" CC="000707"/>
						<SP ID="P127_SP00166" HPOS="744" VPOS="1493" WIDTH="15"/>
						<String ID="P127_ST00200" HPOS="759" VPOS="1450" WIDTH="67" HEIGHT="32" CONTENT="that" WC="0.80" CC="0700"/>
						<SP ID="P127_SP00167" HPOS="826" VPOS="1493" WIDTH="14"/>
						<String ID="P127_ST00201" HPOS="840" VPOS="1450" WIDTH="84" HEIGHT="32" CONTENT="there" WC="0.58" CC="67060"/>
					</TextLine>
					<TextLine ID="P127_TL00025" HPOS="100" VPOS="1512" WIDTH="824" HEIGHT="44">
						<String ID="P127_ST00202" HPOS="100" VPOS="1517" WIDTH="27" HEIGHT="32" CONTENT="is" WC="0.78" CC="30"/>
						<SP ID="P127_SP00168" HPOS="127" VPOS="1549" WIDTH="16"/>
						<String ID="P127_ST00203" HPOS="143" VPOS="1528" WIDTH="40" HEIGHT="21" CONTENT="no" WC="0.87" CC="02"/>
						<SP ID="P127_SP00169" HPOS="183" VPOS="1549" WIDTH="16"/>
						<String ID="P127_ST00204" HPOS="199" VPOS="1515" WIDTH="127" HEIGHT="41" CONTENT="remedy" WC="1.00" CC="000000"/>
						<String ID="P127_ST00205" HPOS="329" VPOS="1533" WIDTH="41" HEIGHT="5" CONTENT="—" WC="0.20" CC="8"/>
						<String ID="P127_ST00206" HPOS="373" VPOS="1514" WIDTH="53" HEIGHT="32" CONTENT="the" WC="0.75" CC="060"/>
						<SP ID="P127_SP00170" HPOS="426" VPOS="1556" WIDTH="16"/>
						<String ID="P127_ST00207" HPOS="442" VPOS="1514" WIDTH="89" HEIGHT="41" CONTENT="thing" WC="0.47" CC="67570"/>
						<SP ID="P127_SP00171" HPOS="531" VPOS="1556" WIDTH="14"/>
						<String ID="P127_ST00208" HPOS="545" VPOS="1518" WIDTH="82" HEIGHT="27" CONTENT="must" WC="0.76" CC="0530"/>
						<SP ID="P127_SP00172" HPOS="627" VPOS="1556" WIDTH="23"/>
						<String ID="P127_ST00209" HPOS="650" VPOS="1513" WIDTH="37" HEIGHT="32" CONTENT="be" WC="0.75" CC="50"/>
						<SP ID="P127_SP00173" HPOS="687" VPOS="1556" WIDTH="16"/>
						<String ID="P127_ST00210" HPOS="703" VPOS="1513" WIDTH="93" HEIGHT="32" CONTENT="borne" WC="0.72" CC="44220"/>
						<String ID="P127_ST00211" HPOS="798" VPOS="1532" WIDTH="43" HEIGHT="4" CONTENT="—" WC="0.20" CC="8"/>
						<String ID="P127_ST00212" HPOS="842" VPOS="1512" WIDTH="82" HEIGHT="32" CONTENT="there" WC="0.83" CC="07000"/>
					</TextLine>
				</TextBlock>
			</PrintSpace>
		</Page>
	</Layout>
</alto>
