1079 1710
397 406 206 32 CHAPTER
629 406 55 31 IV.

323 504 22 20 A
369 504 118 20 SINNER
510 503 61 21 BUT
594 502 43 22 NO
660 502 102 22 SAINT.

172 582 110 31 When
312 582 47 31 his
390 581 88 31 uncle
510 580 61 32 had
602 579 117 43 spoken
756 583 31 27 to
825 577 64 33 him
928 581 30 28 at

129 643 154 33 Clavreuil
310 643 34 32 of
369 643 52 32 the
453 643 110 31 doubts
589 642 69 32 that
685 653 81 20 were
795 639 163 42 harassing

129 704 72 40 him,
231 704 142 33 Olivier's
398 704 66 31 first
487 704 112 41 feeling
622 715 65 19 Avas
711 715 58 19 one
789 702 35 32 of
847 713 111 30 appre-

129 765 127 32 hension
300 765 45 32 for
387 765 125 31 himself
554 765 60 31 and
659 775 182 30 annoyance
880 762 77 33 with

129 826 155 33 Claudine.
333 826 61 32 For
415 837 18 20 a
454 837 82 21 mere
557 825 130 41 nothing
703 825 39 32 he
758 825 103 32 Avould
876 825 81 31 have

129 887 130 42 actually
274 887 92 32 taken
381 887 46 32 his
444 886 117 33 uncle's
576 891 79 37 part,
673 886 70 40 and,
762 886 79 32 from
863 897 94 30 every

129 948 130 41 possible
278 948 87 42 point
386 948 34 32 of
439 947 87 40 view,
552 947 37 32 he
607 959 63 20 was
687 947 144 43 disposed
847 952 33 27 to
896 947 61 32 feel

129 1008 136 32 irritated
300 1008 121 42 against
457 1008 159 32 Claudine.
680 1008 84 42 Why
802 1008 61 32 had
903 1008 54 32 she

130 1069 122 32 crossed
270 1069 47 32 his
340 1069 97 42 path?
457 1068 72 44 why
547 1069 62 32 had
634 1069 54 32 she
708 1070 94 32 taken
826 1081 18 21 a
865 1069 92 43 fancy

128 1135 32 27 to
187 1130 63 32 him
261 1132 14 30 ?
297 1130 71 43 why
388 1131 61 31 had
477 1130 53 32 she
551 1135 54 27 not
624 1130 54 32 left
693 1131 65 31 him
780 1131 31 31 in
838 1143 96 30 peace
944 1134 14 30 ?

129 1192 50 31 He
195 1203 63 20 was
274 1192 114 42 utterly
404 1192 149 31 oblivious
569 1192 35 31 of
623 1192 53 32 the
699 1193 158 31 readiness
879 1193 76 33 with

131 1252 98 33 which
245 1253 38 32 he
304 1253 124 32 himself
446 1254 62 31 had
530 1253 127 32 become
680 1254 56 31 her
759 1256 197 41 accomplice,

131 1315 60 31 and
218 1315 71 41 only
314 1315 107 32 chafed
446 1320 31 27 at
499 1315 51 32 the
575 1316 106 30 notion
704 1316 33 30 of
764 1316 52 32 the
847 1317 111 32 bother

130 1375 99 33 which
254 1376 55 31 her
333 1377 149 40 ill-timed,
501 1377 155 41 ill-placed
676 1377 124 41 passion
824 1378 46 32 for
893 1378 64 33 him

130 1437 98 41 might
245 1437 92 32 entail
353 1449 82 29 upon
451 1438 71 32 him.

173 1499 83 31 Here
278 1499 54 32 lies
355 1499 52 32 the
431 1499 162 32 difference
614 1499 139 33 be.Aveen
770 1512 19 20 a
804 1512 76 29 pure
897 1502 61 32 and
