1079 1710
160 75 33 24 62

392 80 83 20 LOVE
499 78 65 21 THE
587 76 161 22 AVENGER.

231 158 95 40 Aunt,
344 168 64 20 was
424 160 54 27 not
493 154 53 33 the
562 153 144 33 Minister
722 152 35 32 of
768 151 78 32 War
862 161 18 21 a
895 152 90 39 great

155 220 97 32 friend
268 219 35 32 of
312 230 78 29 your
405 216 167 32 husband's
582 217 15 31 ?

233 281 72 39 Yes,
324 280 128 39 dearest,
470 277 38 32 he
525 289 63 20 was
697 275 117 43 replied
838 273 145 33 Madame

155 342 188 39 Beaudouin,
372 340 105 33 struck
501 340 42 42 by
568 339 51 32 the
646 338 126 43 rigidity
797 337 35 32 of
858 336 125 33 Claire's

154 415 136 29 manner,
313 403 61 32 and
398 403 40 41 by
459 402 53 31 the
533 400 92 32 harsh
644 400 122 41 brevity
784 398 77 32 with
882 397 101 33 which

154 466 53 31 she
224 465 94 43 spoke
332 478 6 27 ;
450 463 86 32 owed
558 462 186 43 everything
764 466 33 27 to
819 460 43 34 M.
881 461 102 31 Beau-

155 526 91 31 douin
256 528 14 29 ?

230 588 63 32 Are
311 599 60 31 you
392 588 61 31 still
472 587 113 32 friends
602 586 73 32 with
848 584 134 44 pursued

155 650 107 31 Claire.

232 712 83 28 Most
332 711 138 29 intimate

232 772 95 39 Then,
354 776 82 35 aunt,
463 783 40 29 go
530 776 32 27 to
587 770 63 33 him
676 774 31 29 at
735 782 77 20 once
823 784 6 27 ;
862 769 80 32 have
964 781 18 19 a

155 834 135 41 carriage
318 833 96 32 called
470 833 70 42 (and
568 833 53 32 she
654 832 156 33 stretched
843 837 52 27 out
926 832 56 31 her

155 906 69 21 own
247 894 83 31 hand
350 893 61 32 and
433 905 78 29 rang
530 893 54 32 the
605 893 71 42 bell)
725 893 61 32 and
806 893 93 32 make
916 893 65 31 him

155 955 55 33 tell
239 966 60 31 you
325 955 52 31 the
402 955 93 39 truth,
513 955 95 31 about
632 955 61 31 this
914 955 66 41 (she

155 1016 72 33 took
248 1028 17 20 a
283 1027 180 30 newspaper
482 1016 77 31 from
583 1016 54 32 her
662 1016 83 40 muff,
774 1016 60 32 and
859 1028 80 30 gave
960 1016 22 33 it

155 1083 32 26 to
216 1078 56 31 her
298 1076 94 42 aunt),
453 1076 51 33 the
529 1077 98 32 whole
657 1077 96 41 truth,
926 1078 55 32 she

155 1137 107 41 added,
280 1137 74 32 with
375 1137 110 32 almost
504 1142 82 27 stern
608 1137 173 42 insistance,
834 1139 49 32 Go
899 1151 80 29 now,

156 1204 32 27 at
369 1198 40 43 (A
431 1198 134 32 footman
593 1200 120 41 opened
733 1200 53 31 the
814 1201 84 41 door,
919 1201 63 32 and

157 1261 100 32 Claire
276 1259 78 33 bade
377 1259 62 32 him
460 1260 58 32 call
537 1272 18 20 a
575 1261 136 42 carriage
724 1275 5 27 ;
754 1266 32 27 at
802 1263 103 32 which
927 1264 54 31 the

155 1334 72 19 man
247 1321 124 42 looking
389 1321 177 41 astounded,
617 1322 84 33 there
725 1324 26 31 is
774 1336 40 20 no
838 1325 73 32 time
934 1325 48 32 for

157 1395 53 29 my
225 1386 74 28 aunt
314 1387 32 26 to
362 1382 73 31 wait
449 1382 47 32 for
512 1383 54 32 her
582 1395 70 20 own
828 1386 66 32 said
916 1386 63 42 she,

159 1442 135 42 sternly.)

201 1504 142 33 Madame
376 1505 179 32 Beaudouin
586 1518 76 29 rose,
691 1507 115 42 feeling
832 1509 69 32 that
928 1510 54 32 her
