1079 1710
222 90 65 20 THE
310 90 119 20 SINNER
451 90 96 20 SEEKS
570 90 63 20 THE
657 90 99 20 SAINT.

864 85 32 25 35

83 165 141 43 ordinary
239 166 165 32 associates
419 167 77 31 been
513 166 185 42 questioned,
709 166 74 42 they
798 165 100 32 Avould

83 226 78 32 have
178 227 142 32 declared
346 228 199 42 inexplicable
567 228 53 31 the
636 227 160 32 attraction
813 239 85 20 exer-

84 288 83 32 cised
183 300 72 20 over
272 289 64 31 him
351 289 41 40 by
408 289 143 32 Madame
568 289 186 32 Beaudouin.

127 350 66 31 The
219 350 124 32 miracle
368 362 62 19 was
457 362 72 29 easy
552 355 32 26 to
611 350 130 41 explain,
766 350 58 31 and
850 350 49 41 lay

85 410 130 42 entirely
230 411 31 30 in
277 411 50 31 the
348 410 62 32 fact
429 410 35 32 of
481 411 52 31 the
551 410 118 32 infinite
687 410 213 32 womanliness

85 472 34 31 of
130 473 86 30 Aunt
233 471 198 32 Clementine.
471 471 60 32 She
548 483 62 19 was
627 471 74 31 such
717 483 18 19 a
750 471 151 41 thorough

86 545 120 19 woman
219 546 7 27 ;
256 545 32 19 so
311 543 149 31 generous
486 532 58 30 and
570 532 115 40 tender,
713 543 33 20 so
772 532 129 31 self-for-

87 594 120 40 getting
222 594 61 31 and
298 599 66 26 true
376 594 6 31 !

266 654 51 31 did
343 665 61 29 you
426 665 92 20 never
719 654 53 32 she
797 654 101 40 asked,

87 716 110 30 almost
212 715 126 40 timidly.

383 776 60 31 and
465 776 73 31 then
558 777 37 31 he
611 777 151 31 hesitated
775 790 6 27 ;

89 837 22 31 it
131 836 26 31 is
181 848 18 20 a
222 836 127 32 difficult
371 836 89 41 thing
480 841 33 27 to
533 848 54 30 say
590 856 40 4 —
631 837 129 32 because
776 838 15 31 I
809 849 92 20 never

86 897 93 31 found
195 909 18 19 a
228 909 119 20 woman
363 898 16 31 I
395 899 89 31 could
499 899 65 39 rely

161 959 81 31 That
267 959 27 31 is
318 970 19 20 a
362 970 94 30 grave
479 959 173 32 accusation
665 972 8 27 ;
697 959 53 32 but
771 960 50 32 did
842 971 59 31 you

86 1031 72 20 ever
173 1019 68 31 love
257 1030 60 29 any
333 1031 122 20 woman
468 1019 71 32 with
555 1020 40 31 all
610 1031 76 28 your
702 1019 86 32 heart
799 1021 14 30 ?

255 1079 116 42 replied
386 1081 173 40 Moranges,
575 1081 247 40 unhesitatingly.

128 1141 140 31 Madame
286 1141 178 32 Beaudouin
480 1141 109 32 looked
603 1141 119 40 pained.

161 1203 15 30 I
202 1213 55 21 can
283 1213 95 21 never
404 1202 189 32 understand
746 1203 53 32 she
827 1204 73 40 said,

86 1263 76 32 after
189 1274 17 21 a
232 1274 94 31 pause
348 1263 34 32 of
400 1275 19 20 a
440 1268 153 36 moment;
732 1264 63 32 find
817 1264 83 32 them

85 1324 92 33 recoil
200 1324 101 32 before
323 1324 53 32 the
399 1324 141 42 slightest
563 1325 133 32 sacrifice
711 1325 88 32 made
814 1330 32 27 to
863 1337 37 20 an

84 1385 109 32 honest
208 1385 60 32 and
290 1397 75 30 pure
387 1385 148 41 affection,
553 1386 60 32 and
630 1386 74 32 then
725 1386 39 32 all
780 1391 31 27 at
828 1398 72 20 once

84 1447 118 42 casting
224 1459 88 30 away
327 1447 79 32 their
426 1448 83 40 lives,
527 1460 114 28 names,
660 1448 180 41 everything
855 1448 45 30 for

85 1520 18 20 a
238 1509 51 41 (M.
308 1509 37 31 de
361 1509 164 41 Moranges
546 1509 126 41 winced)
688 1522 7 28 ;
752 1509 73 41 they
840 1508 60 32 will

774 1575 15 14 D
804 1570 12 19 2
