1079 1710
389 80 65 21 THE
476 81 164 21 PROPOSAL.

866 77 51 26 157

434 157 53 32 she
513 157 151 42 repeated,
691 158 32 31 in
749 170 18 19 a
791 162 70 27 tone
886 158 36 31 of

100 213 127 43 dismay.

255 278 26 32 is
319 291 52 30 my
409 280 67 31 firm
697 280 65 32 said
798 281 43 32 M.
881 281 38 31 de

98 337 168 43 Moranges
279 353 6 27 ;
437 346 55 25 not
520 341 39 31 be
592 341 141 40 alarmed,
760 354 52 28 my
841 342 71 30 dear

100 398 91 41 child,
211 411 33 20 or
259 400 90 42 fancy
364 401 16 31 I
400 413 50 19 am
466 401 115 42 trifling
595 402 74 31 with
683 415 68 28 you.
797 403 16 30 I
828 403 90 30 know

99 472 52 30 my
177 472 68 20 own
269 462 94 40 mind,
382 462 61 31 and
466 462 78 31 have
575 463 67 31 well
667 464 142 30 reflected
835 476 82 28 upon

99 522 84 32 what
198 523 15 31 I
229 535 49 20 am
296 524 100 40 doing.
443 524 65 30 The
525 523 95 31 world
636 535 72 29 may
725 524 77 30 cavil
819 529 31 26 at
864 536 53 29 my

100 584 139 40 conduct,
257 585 55 31 but
335 597 60 29 you
411 585 61 30 will
495 585 31 30 in
548 584 85 31 three
648 585 103 30 weeks
767 585 95 31 hence
878 586 39 31 be

99 644 143 32 Madame
268 646 37 30 de
330 646 173 40 Moranges,
528 645 60 30 and
615 656 74 19 soon
714 649 50 37 get
788 646 75 30 used
884 650 34 27 to

97 717 78 29 your
189 718 69 19 new
276 706 139 41 position,
432 705 101 31 which
551 706 152 41 naturally
724 718 192 30 overpowers

97 777 62 29 you
175 771 31 26 at

140 827 60 32 She
217 828 60 31 had
300 827 117 42 slipped
438 827 79 32 from
540 827 53 32 the
614 827 141 32 embrace
770 827 32 31 in
817 828 97 31 which

96 889 38 31 he
150 893 105 27 meant
277 893 33 27 to
328 888 63 32 fold
412 889 64 40 her,
494 888 61 31 and
576 888 136 41 bending
736 888 88 31 down
844 888 68 40 low,

97 950 75 31 with
188 950 55 32 her
259 950 50 31 old
326 949 180 32 submissive
522 949 53 40 air,
592 948 133 41 brought
741 948 54 31 her
810 948 57 41 lips
881 953 33 27 to

96 1012 73 32 bear
183 1023 82 30 upon
282 1011 48 31 his
346 1011 91 39 hand,
454 1011 61 31 and
530 1010 120 41 meekly
665 1009 101 31 kissed
781 1010 32 31 it.

140 1072 65 33 The
244 1072 165 41 Marquis's
446 1072 66 30 first
544 1071 129 41 impulse
703 1071 131 31 towards
863 1072 52 30 the

96 1134 168 41 crouching
288 1133 78 31 form
390 1132 103 32 before
520 1132 62 31 him
605 1143 63 20 was
696 1143 56 20 one
776 1131 33 32 of
830 1143 85 20 com-

95 1195 174 43 passionate
294 1193 181 42 superiority
488 1206 6 27 ;
518 1193 38 31 he
581 1193 105 41 patted
709 1193 54 31 her
780 1193 78 31 head
880 1204 32 20 as

96 1258 38 30 he
161 1255 100 33 Avould
287 1255 79 32 have
389 1255 106 41 patted
519 1266 18 19 a
562 1259 52 37 pet
638 1254 123 41 spaniel.
808 1254 63 31 But
890 1253 24 31 it

94 1330 64 19 was
189 1316 122 33 evident
335 1315 67 32 that
438 1315 47 31 his
515 1326 69 31 way
615 1315 34 31 of
675 1315 159 40 divulging
864 1314 48 31 his

95 1378 166 33 intentions
275 1376 72 32 with
362 1376 110 41 regard
487 1380 32 27 to
534 1376 51 31 the
603 1376 118 41 Sphinx
736 1380 83 26 must
834 1375 80 31 have

95 1442 77 32 been
195 1445 52 27 too
275 1437 124 33 sudden.
448 1437 50 31 He
522 1437 61 31 had
609 1437 146 41 perfectly
782 1435 130 32 crushed

94 1503 63 32 her.
