1079 1710
286 91 63 21 THE
373 92 210 23 UNEXPECTED
606 93 133 22 RETURN.

868 88 52 26 193

102 164 176 42 passionate
308 167 121 43 misery.
498 169 61 31 But
588 169 73 32 with
692 169 54 32 her
774 169 147 42 thoughts

102 237 62 30 you
190 227 80 33 have
291 229 129 42 nothing
438 234 31 27 to
491 230 38 32 do
537 244 6 28 ;
568 231 73 42 they
657 243 50 20 are
723 231 106 31 sacred
843 231 77 31 from

103 298 77 29 your
197 288 113 41 justice
333 301 32 21 so
382 289 75 43 long
478 302 33 20 as
532 291 72 42 they
621 297 96 26 assert
737 292 184 31 themselves

103 354 56 26 not
185 349 32 32 in
242 350 101 33 deeds.
399 352 112 32 Watch
542 353 56 31 her
628 358 64 27 acts
722 354 88 41 only;
848 354 73 40 they

104 410 113 43 belong
254 416 34 27 to
327 424 70 30 you,
436 414 60 31 and
533 414 26 31 if
598 414 54 32 she
695 420 49 26 act
786 415 133 40 bravely,

104 478 120 37 respect
240 473 63 33 her.
349 475 53 30 All
417 475 78 31 have
512 475 158 41 struggled
671 494 42 3 —
714 476 65 30 that
801 476 25 30 is
842 475 80 31 what

104 533 52 32 the
174 535 170 41 strugglers
360 541 83 25 must
463 536 170 31 remember
648 536 90 31 when
753 536 73 41 they
842 536 78 31 have

105 595 200 41 vanquished.
366 596 30 31 It
426 596 25 31 is
482 596 31 30 in
549 596 52 31 the
638 607 136 30 memory
806 596 33 31 of
869 596 53 31 the

105 654 146 41 violence,
269 655 34 31 of
314 655 52 32 the
383 656 55 40 sin,
451 656 33 31 of
495 656 53 31 the
565 656 102 40 crime,
681 667 169 29 overcome,
868 656 53 30 but

106 717 173 40 conceived,
320 717 68 31 that
426 717 55 32 lies
518 717 52 31 the
612 716 164 42 obligation
814 722 32 26 to
883 717 37 31 be

104 778 146 31 merciful.

147 839 102 32 When
272 840 44 32 M.
341 840 36 31 de
402 840 184 31 Beauvoisin
610 852 86 19 came
719 845 32 26 to
774 839 82 31 fetch
874 839 45 31 his

103 901 77 39 wife,
214 901 52 31 she
300 901 101 31 stared
430 905 32 27 at
493 901 62 31 him
586 901 45 31 for
662 913 57 19 one
750 900 111 32 second
887 912 32 19 as

102 962 120 41 though
238 962 53 31 she
307 962 92 31 knew
413 962 63 31 him
492 967 62 26 not.
584 962 66 32 Her
664 962 84 32 teeth
764 962 155 31 chattered

103 1022 77 31 with
197 1022 75 40 cold,
291 1022 60 31 and
366 1022 55 31 her
437 1022 97 31 hands
549 1034 80 20 were
644 1023 132 39 burning
791 1022 61 32 hot.

179 1083 71 31 You
270 1083 80 31 have
366 1087 55 36 got
436 1094 18 19 a
469 1083 141 39 fever-fit,
778 1083 65 31 said
865 1082 53 32 her

101 1144 151 39 husband,
281 1144 75 31 with
381 1144 131 40 genuine
537 1144 132 41 anxiety.
747 1143 68 32 You
841 1143 77 31 have

103 1206 63 32 had
196 1217 18 20 a
244 1205 72 32 chill
328 1218 6 27 ;
373 1216 60 29 you
465 1205 108 31 should
597 1205 79 31 have
697 1209 66 27 sent
788 1204 45 31 for
856 1216 58 20 me.

103 1267 105 39 Come,

147 1328 61 32 She
233 1327 82 32 drew
339 1327 54 31 her
416 1327 63 31 lace
497 1327 93 31 shawl
614 1327 92 32 about
720 1327 64 40 her,
803 1327 113 31 shiver-

101 1391 94 40 ingly,
223 1400 77 29 rose,
328 1388 74 32 took
432 1387 138 33 Olivier's
601 1400 73 29 arm,
703 1388 60 32 and
787 1388 129 42 fighting

100 1465 70 21 now
186 1451 122 41 against,
323 1449 55 32 her
395 1449 143 42 suffering
554 1450 174 42 resolutely,
731 1470 42 3 —

156 1520 50 15 VOL.
221 1519 34 15 III.

820 1516 13 14 o
