1079 1710
408 81 60 21 FOR
490 81 89 21 EVER.

867 77 33 24 65

82 155 97 41 ought
194 161 63 35 not,
277 161 32 27 to
332 161 106 27 return
458 156 66 32 that
546 157 58 42 day
618 161 33 28 to
667 157 54 32 her
735 157 165 31 husband's

82 215 99 33 home.
229 216 70 42 She,
325 217 108 43 simple
457 218 59 31 and
539 223 66 27 true
628 230 33 20 as
684 217 53 33 she
760 230 71 28 was,
855 229 45 20 re-

84 277 103 32 sorted
214 282 31 28 to
270 278 55 32 her
345 280 67 31 first
435 280 186 41 subterfuge,
645 280 61 32 and
730 280 24 31 it
777 279 48 32 did
850 284 50 27 not

84 349 86 21 come
196 350 73 32 easy
295 344 32 27 to
353 340 72 42 her;
460 341 54 32 but
541 341 101 32 Claire
668 346 82 27 must
773 342 38 31 be
837 341 63 31 first

83 398 134 44 thought
234 401 34 31 of
276 402 6 31 !
323 402 40 32 So
380 402 54 31 she
450 407 68 27 sent
533 415 18 19 a
566 403 58 31 few
640 403 76 31 lines
731 407 31 27 to
779 402 121 39 Olivier,

85 460 110 43 saying
218 461 53 32 she
295 474 63 19 was
381 475 73 29 very
472 463 40 40 ill,
536 463 60 31 and
619 463 59 31 had
701 462 148 32 ventured
871 467 29 27 to

85 525 107 39 accept
212 521 47 32 his
275 523 94 31 wife's
386 523 71 32 offer
474 523 34 32 of
527 523 149 42 spending
690 523 52 31 the
758 523 87 41 night
860 523 40 41 by

87 582 56 31 her
159 582 72 31 side.

131 644 80 32 That
227 644 86 41 done,
331 644 54 32 she
402 645 112 31 retired
529 649 32 27 to
576 645 55 31 her
647 657 67 19 own
731 649 171 37 apartment

87 704 73 31 with
177 704 109 41 Claire,
304 706 59 30 and
386 705 132 41 through
535 706 54 30 her
612 705 82 32 maid
708 717 78 29 gave
803 710 52 27 out
870 710 31 26 to

86 765 54 31 her
155 776 68 20 own
247 766 230 31 establishment
499 767 68 31 that
582 779 19 19 a
616 767 116 31 sudden
755 767 101 31 attack
873 766 32 31 of

87 830 87 27 acute
190 826 158 40 neuralgia
364 827 140 31 confined
519 828 56 31 her
590 832 33 27 to
639 828 54 31 her
708 840 92 19 room.

127 886 72 32 And
223 887 82 32 what
336 899 17 20 a
382 888 90 41 night
494 888 73 41 they
590 889 118 41 passed,
729 888 88 32 those
841 892 61 27 two

85 947 113 42 loving,
223 948 102 42 lonely
341 960 127 21 women.
515 950 31 30 A
568 949 89 41 night
675 949 31 30 in
728 948 99 32 which
849 948 53 31 the

86 1009 212 41 communings
326 1009 34 31 of
380 1010 65 31 soul
460 1010 74 31 with
558 1010 65 31 soul
646 1021 78 19 were
741 1021 33 19 so
797 1009 106 31 imme-

86 1070 79 32 diate
195 1069 69 32 that
286 1071 99 31 words
409 1083 77 19 were
521 1071 40 31 all
593 1071 196 41 superfluous.
837 1070 65 32 One

85 1132 83 32 word
198 1132 87 33 alone
320 1132 122 32 seemed
479 1137 31 27 to
538 1132 79 32 have
647 1144 59 30 any
741 1144 87 20 sense
858 1132 45 31 for

87 1193 108 39 Claire,
224 1193 60 31 and
314 1193 134 41 through
479 1193 39 32 all
549 1193 54 32 her
634 1204 99 31 agony
762 1192 141 32 recurred

85 1254 190 41 perpetually
290 1259 30 27 to
336 1254 56 31 her
408 1254 66 41 lips.

159 1315 85 31 Mine
258 1315 6 31 !
288 1315 80 31 mine
385 1326 69 20 now
465 1316 4 30 !

127 1375 74 33 And
231 1375 89 33 when
348 1376 135 32 towards
505 1375 52 33 the
583 1376 89 32 dawn
694 1375 78 33 tired
798 1380 105 27 nature

84 1449 81 31 gave
193 1449 77 31 way,
289 1437 61 32 and
374 1437 110 41 Claire,
502 1437 110 42 letting
634 1437 54 32 her
711 1436 78 33 head
811 1436 92 41 droop

85 1510 82 31 upon
190 1499 87 32 Aunt
293 1498 219 33 Clementine's
535 1498 49 43 lap
601 1510 33 20 as
651 1498 53 32 she
721 1502 47 28 sat
791 1509 39 20 on
852 1497 51 31 the

139 1567 52 16 VOL.
204 1567 37 15 III.
781 1566 12 14 F
