1079 1710
150 76 52 26 180

396 83 82 20 LOVE
502 83 65 20 THE
592 81 162 22 AVENGER.

150 160 100 33 Claire
288 165 83 27 must
401 161 48 31 die
473 159 103 32 before
603 158 68 32 that
685 158 20 41 !)
710 177 43 3 —
754 157 57 31 but
840 156 40 32 he
915 166 64 20 was

150 222 152 40 deceived,
327 221 61 33 and
422 221 39 31 do
485 221 84 31 what
593 220 54 32 she
671 219 103 31 Avould
811 217 53 32 she
889 216 91 33 could

149 288 54 26 not
225 282 71 42 help
312 282 31 32 it.
392 282 100 32 Could
517 282 118 32 Olivier
650 281 71 31 look
737 280 65 32 into
818 279 50 32 his
884 278 96 32 wife's

150 343 95 41 heart,
264 343 53 33 she
335 343 65 33 said
415 348 32 28 to
464 343 116 32 herself
601 343 70 31 that
695 341 39 33 he
750 341 103 32 would
868 345 55 27 not
947 352 33 21 so

149 404 195 43 rapturously
360 404 110 43 rejoice
498 416 74 21 over
594 404 54 32 the
665 415 109 31 escape
790 404 79 31 from
887 403 92 32 death

150 465 35 32 of
202 466 53 32 the
279 478 72 21 man
378 466 105 33 whose
509 467 113 42 image,
641 466 42 32 let
709 466 55 32 her
790 465 138 43 struggle
945 476 34 21 as

150 529 54 32 she
220 529 107 42 might,
346 530 49 41 lay
410 529 47 32 for
472 541 74 21 ever
561 529 158 42 engraved
742 534 33 27 at
790 528 53 32 the
859 528 119 32 bottom

150 591 33 32 of
201 591 68 32 that
295 591 95 33 heart.
439 591 74 32 This
541 597 88 36 great
656 591 53 41 big
732 590 111 32 foolish
867 590 110 40 felloAV,

149 652 228 42 heavy-witted,
408 652 214 41 dull-brained,
650 663 64 21 was
746 652 52 32 the
825 657 82 27 most
932 652 46 31 in-

150 714 144 32 offensive
319 713 34 33 of
376 714 135 40 mortals,
540 713 250 42 kindly-hearted
818 719 52 27 too
871 735 43 2 —
916 714 62 32 and

149 776 54 31 her
219 775 148 32 husband.
415 776 100 31 There
539 787 64 20 was
622 775 78 32 little
718 787 34 20 or
767 787 79 20 none
873 776 35 31 of
929 776 48 31 his

150 837 74 31 fault
240 837 31 31 in
287 837 79 31 their
382 837 187 31 ill-assorted
584 836 95 31 union
691 850 5 27 ;
721 837 133 42 perhaps
875 837 28 31 if
922 837 54 32 she

150 898 60 32 had
225 898 96 32 asked
336 898 62 32 him
416 899 86 41 point
528 898 95 31 blank
647 902 32 27 to
695 898 116 32 deliver
826 898 56 32 her
897 898 77 32 from

150 971 17 19 a
191 959 150 41 marriage
368 959 75 32 with
468 959 74 40 him,
563 958 39 32 he
625 958 103 32 would
757 959 81 32 have
865 959 111 42 helped

150 1020 55 31 her
217 1033 7 28 ;
248 1020 56 32 but
330 1020 54 32 she
411 1020 62 32 had
503 1020 177 41 consented,
707 1021 61 31 and
792 1021 63 31 this
878 1022 99 31 man's

150 1083 119 30 honour
304 1081 61 32 had
398 1082 79 31 been
509 1082 143 31 confided
682 1087 33 26 to
746 1082 55 32 her
833 1082 142 42 keeping.

152 1144 100 32 Claire
268 1154 64 20 was
348 1147 51 27 too
415 1143 73 41 high
505 1144 60 30 and
593 1148 51 27 too
671 1143 165 43 delicately
852 1144 125 33 minded

151 1217 19 20 a
185 1215 120 21 woman
321 1209 32 26 to
369 1204 72 31 look
457 1215 82 31 upon
555 1204 56 33 her
636 1205 96 32 entire
758 1206 170 42 obligation
945 1219 33 19 as

152 1265 180 41 discharged
368 1265 131 32 because
542 1266 173 43 materially
752 1267 69 32 that
859 1268 120 32 honour

152 1338 62 21 was
241 1326 96 42 safely
353 1326 145 41 guarded,
525 1326 61 32 and
609 1327 51 32 the
688 1329 188 32 unbounded
899 1335 80 27 trust

153 1388 123 43 implied
291 1388 41 41 by
349 1386 142 34 Olivier's
508 1388 117 42 delight
640 1394 34 26 at
696 1390 42 32 M.
757 1391 37 32 de
811 1391 167 32 Lancour's

154 1460 109 31 escape
289 1448 140 32 invested
455 1448 62 32 him
543 1449 31 31 in
600 1450 127 33 Claire's
756 1464 73 29 eyes
848 1452 75 31 with
939 1464 39 21 an

154 1509 220 34 indescribable
401 1509 135 33 interest.
585 1511 51 32 He
652 1512 160 32 reminded
837 1512 55 32 her
909 1513 34 32 of
961 1527 19 18 a
