1079 1710
153 89 53 26 258

406 93 81 21 LOATE
511 91 64 22 THE
599 90 163 22 AVENGER.

197 173 61 34 She
286 173 60 31 had
373 173 76 31 been
475 169 154 32 mistaken
644 182 6 27 ;
686 168 25 32 it
739 179 62 20 was
830 165 74 42 only
931 164 54 33 the

153 234 89 31 Avind.

193 295 72 31 And
281 299 52 37 yet
354 294 54 31 she
425 292 123 32 seemed
572 291 92 42 again
680 295 33 27 to
729 290 76 32 hear
821 289 161 42 footsteps,

150 356 61 32 and
226 355 74 32 then
322 355 52 31 the
396 354 127 41 turning
548 352 33 32 of
600 352 53 31 the
677 350 113 33 handle
809 350 34 33 of
862 362 19 20 a
897 350 85 33 door.

150 417 102 32 Claire
268 428 63 20 was
347 417 94 31 brave
457 420 33 27 to
506 426 107 21 excess
618 433 40 3 —
659 412 155 43 naturally
831 412 105 41 brave,
939 431 43 3 —

150 479 55 31 but
231 478 55 32 her
313 478 85 32 mind
424 489 66 20 Avas
516 482 54 27 not
592 477 67 42 just
689 476 75 32 then
793 475 129 32 attuned
949 479 33 28 to

148 540 77 32 facts
238 554 5 18 :
269 540 53 32 she
339 551 63 20 was
424 544 99 38 wrapt
543 539 30 31 in
595 538 55 33 her
672 538 127 42 dreamy
819 537 160 41 thoughts,

149 614 33 19 or
206 602 54 31 she
284 602 101 31 Avould
407 606 32 27 at
462 613 75 20 once
562 601 80 31 have
667 600 83 32 risen
774 599 61 33 and
859 599 122 32 Avalked

148 664 134 31 towards
313 664 51 31 the
394 664 86 31 noise
494 676 6 28 ;
541 663 56 31 but
623 663 55 31 her
713 674 107 20 senses
859 662 122 31 dreamt

148 725 73 40 also,
246 725 62 32 and
331 725 83 31 what
438 724 74 42 they
538 724 162 41 perceived
725 735 64 20 Avas
816 722 165 43 perceived

150 787 156 39 dreamily.

192 847 73 32 This
280 847 85 40 time,
387 847 151 39 however,
560 847 88 31 there
665 858 63 20 Avas
749 846 111 41 reality
877 846 31 31 in
925 846 54 32 the

149 909 121 32 sounds.
318 908 66 33 The
408 908 241 42 drawing-room
673 908 75 32 door
764 908 67 31 had
847 908 130 42 opened,

148 970 86 32 there
251 982 62 20 was
337 982 84 20 some
446 982 56 20 one
519 970 30 31 in
565 970 67 32 that
655 981 86 21 room
754 984 6 26 ;
785 970 70 41 and,
874 970 104 32 before

148 1031 61 32 this
236 1031 180 42 impression
443 1032 60 31 had
529 1032 127 31 become
682 1031 189 43 thoroughly
897 1031 82 32 clear

148 1096 33 27 to
203 1092 53 31 the
280 1092 141 41 watcher,
447 1105 18 19 a
489 1093 126 31 shadow
639 1093 51 31 fell
715 1093 156 42 obliquely
893 1105 84 30 upon

148 1151 52 33 the
216 1152 70 32 wall
302 1152 34 32 of
352 1153 54 31 the
429 1154 136 40 boudoir,
592 1154 60 31 and
675 1166 19 20 a
717 1155 99 41 figure
841 1155 90 32 stood
946 1155 31 31 in

148 1212 52 32 the
225 1213 142 43 doorway
392 1214 124 42 leading
541 1216 65 31 into
632 1216 53 32 the
713 1217 97 32 salon.
859 1217 29 32 It
914 1228 65 21 was

148 1272 66 32 that
231 1273 33 31 of
276 1285 18 19 a
308 1285 82 19 man.

192 1334 99 32 Claire
314 1335 110 31 looked
447 1348 41 29 up
512 1342 32 26 at
567 1337 64 32 him
633 1357 41 4 —
677 1339 96 38 aAved,
794 1344 55 27 not
866 1339 111 43 fright-

148 1396 86 39 ened,
254 1396 61 31 and
336 1396 51 31 did
407 1402 54 26 not
481 1398 46 31 for
547 1399 53 31 the
620 1399 66 32 first
706 1400 69 32 half
792 1402 115 31 second
928 1414 48 20 re-

148 1456 123 41 cognise
288 1456 68 32 who
377 1457 25 31 it
417 1469 64 20 Avas
493 1471 6 28 ;
523 1459 75 32 then
623 1460 55 32 she
702 1473 78 30 rose,
804 1463 61 31 and
881 1468 95 36 went,

148 1517 182 42 speechless,
353 1529 41 31 up
418 1523 32 27 to
475 1519 53 32 the
554 1522 151 41 unsteady
728 1522 88 41 form,
844 1525 131 32 stretch-
