1079 1710
142 80 35 26 88

376 87 82 20 LOVE
481 85 65 21 THE
569 82 160 22 AVENGER.

188 164 145 32 Madame
378 161 208 34 Beaudouin's
616 159 102 33 words
742 158 151 40 touching
922 155 53 33 the

145 226 119 43 Sphinx
280 225 61 33 had
365 225 65 32 also
452 223 107 33 struck
582 222 55 32 her
652 221 87 32 niece
756 220 139 42 forcibly,
914 219 61 33 and

144 288 56 32 she
221 287 166 43 permitted
413 286 117 32 herself
551 290 123 36 strange
703 281 215 44 questionings
936 293 38 20 on

144 349 102 42 points
271 348 101 32 which
397 347 62 33 had
483 347 136 32 hitherto
640 347 88 39 been,
749 345 30 31 in
801 345 56 31 her
878 343 95 39 mind,

144 412 107 42 placed
276 411 173 42 absolutely
465 409 123 43 beyond
610 409 53 32 the
689 408 69 43 pale
777 408 35 32 of
834 407 141 42 specula-

144 474 64 31 tion
225 485 34 20 or
276 474 103 31 doubt.

221 535 81 33 That
317 547 85 30 poor,
420 534 167 40 friendless,
607 532 157 42 untaught
785 536 139 28 creature
936 532 7 32 !

145 597 60 31 had
237 597 64 31 said
325 596 145 32 Madame
498 595 189 40 Beaudouin,
721 595 91 32 when
840 595 54 32 she
922 594 52 32 de-

145 658 102 32 clared
271 658 53 32 the
350 658 119 42 Sphinx
500 662 30 27 to
555 656 39 33 be
621 656 60 33 less
707 656 165 43 unworthy
897 656 76 32 than

145 720 144 31 Madame
321 720 36 31 de
382 719 170 31 Mottefort.
599 718 82 32 That
710 730 63 20 was
790 730 19 20 a
831 718 73 32 bold
926 730 48 20 as-

146 782 122 39 sertion,
295 781 54 40 for,
378 780 78 32 after
482 780 51 41 all,
561 779 113 32 Berthe
705 791 64 20 was
801 791 18 20 a
846 779 82 43 lady,
956 791 18 20 a

145 854 110 30 person
272 842 32 32 of
326 842 127 32 Claire's
474 853 69 20 own
567 841 154 41 standing,
734 841 60 31 and
811 841 111 41 whom,
941 853 33 20 as

145 903 106 41 things
267 904 61 31 had
350 915 70 20 now
444 903 116 41 shaped
583 903 197 40 themselves,
799 902 55 32 she
872 903 102 31 would

146 965 148 42 infallibly
310 976 84 21 some
418 965 59 41 day
493 968 82 27 meet
597 964 31 30 in
644 964 67 31 that
735 964 118 41 society
870 964 102 31 which

145 1038 63 20 was
232 1037 140 21 common
397 1031 32 26 to
453 1025 84 40 both,
555 1025 103 32 whilst
685 1037 39 19 no
750 1025 223 33 circumstance

145 1087 70 32 that
242 1087 53 32 she
326 1087 88 31 could
444 1086 137 42 possibly
608 1086 136 41 imagine
769 1087 104 32 would
900 1099 73 21 ever

146 1148 88 41 bring
249 1148 55 32 her
320 1148 141 41 together
484 1148 31 31 in
538 1147 53 32 the
616 1159 84 20 same
724 1148 87 31 salon
827 1148 75 32 with
919 1148 55 33 the

148 1209 128 43 Sphinx.
322 1209 73 31 And
422 1214 31 27 at
477 1208 67 32 first
564 1208 88 33 these
678 1209 176 42 superficial
877 1210 95 42 ideas,

146 1271 165 42 belonging
333 1276 32 26 to
381 1271 51 31 the
450 1270 283 32 conventionalities
749 1270 32 32 in
797 1272 103 32 which
918 1273 56 32 she

147 1333 61 31 had
223 1333 78 31 been
316 1332 135 42 brought
466 1345 51 29 up,
530 1332 72 31 held
618 1332 79 31 their
713 1333 121 41 ground
851 1335 123 40 against

146 1394 53 33 the
221 1394 185 41 innovators,
427 1394 60 31 and
515 1394 54 31 she
595 1394 90 31 could
712 1399 55 27 not
791 1395 134 33 descend
942 1401 32 27 to

148 1456 117 32 discuss
294 1455 52 32 the
370 1467 85 19 more
481 1467 33 20 or
538 1455 60 32 less
630 1455 35 31 of
685 1457 79 40 guilt
790 1457 30 31 in
852 1468 122 22 women

148 1517 105 32 whose
270 1517 150 31 infamous
436 1516 75 32 lives
527 1521 130 37 prevent
673 1517 81 32 their
770 1517 94 41 being
879 1518 95 33 taken
