1079 1710
376 78 80 21 LOVE
480 76 63 22 THE
568 74 162 23 AVENGER.

141 76 34 24 42

139 157 184 42 gentleman.
372 153 116 34 Olivier
505 152 51 33 did
573 152 84 32 clear
675 162 41 30 up
737 147 185 44 everything
938 145 32 32 in

138 219 52 32 the
216 217 146 33 direction
386 216 66 31 first
474 214 93 32 taken
590 213 42 42 by
655 212 49 32 his
726 210 118 33 uncle's
869 207 101 44 suspi-

138 280 91 39 cions,
262 278 60 32 and
357 281 53 37 yet
444 276 52 31 the
536 274 170 43 suspicions
746 270 224 45 (self-sufficing

139 339 178 42 seemingly)
347 349 80 21 Avere
451 342 55 27 not
533 335 159 44 dispelled.
741 334 161 32 Florestan
931 332 38 31 de

137 401 120 32 Nesves
285 412 38 20 on
349 400 52 31 the
429 399 87 32 other
541 398 84 32 hand
653 409 62 20 was
741 401 51 27 too
820 395 101 33 useful
949 406 20 20 a

136 462 85 32 blind
244 462 45 32 for
311 461 52 33 the
389 461 160 42 sagacious
570 459 133 43 Aspasie
729 458 73 42 (and
825 457 55 32 she
903 467 65 21 was

136 523 185 42 necessarily
348 521 114 43 always
488 520 169 41 consulted)
682 525 33 27 to
742 530 94 31 agree
861 523 31 27 to
919 517 50 32 his

137 584 92 42 being
256 583 107 43 totally
389 583 157 40 banished,
579 594 34 20 so
640 581 69 33 that
734 581 118 32 Olivier
876 578 92 32 could

137 646 71 42 only
224 650 96 27 resort
337 649 31 28 to
384 656 19 21 a
417 648 166 28 treatment
600 643 34 32 of
656 643 65 31 him
738 654 33 20 so
788 641 89 42 light,
895 640 73 32 that

137 706 42 33 M.
197 707 37 31 de
250 707 164 40 Moranges
431 705 89 32 could
543 709 54 28 not
620 704 111 43 persist
750 704 32 31 in
797 703 171 42 regarding

136 768 64 30 him
223 779 34 20 as
281 767 180 41 dangerous.
509 765 117 33 Olivier
646 766 150 32 admitted
811 765 68 32 that
895 765 72 31 Flo-

136 833 103 27 restan
263 828 136 31 admired
430 827 149 32 Claudine
615 827 192 42 immensely,
838 826 58 32 but
925 826 41 31 he

135 890 133 41 pledged
278 890 47 30 his
337 889 118 31 honour
467 889 61 31 and
538 888 99 32 credit
648 890 44 41 (as
704 888 71 32 well
787 888 39 32 he
834 886 129 43 might!)

134 951 67 32 that
218 951 53 31 she
288 950 103 41 barely
403 950 123 31 noticed
541 950 51 32 the
607 950 64 32 fact
687 951 35 31 of
732 951 49 30 his
797 950 165 31 existence.

135 1011 72 31 And
223 1011 74 31 then
300 1030 41 3 —
342 1010 110 31 foolish
464 1010 111 41 people
591 1010 94 41 being
701 1010 47 32 for
764 1023 72 20 ever
853 1010 111 32 foolish

134 1091 42 2 —
178 1070 116 32 Olivier
317 1074 82 28 Avent
421 1074 51 28 too
495 1070 54 41 far,
568 1071 59 31 and
651 1071 66 31 said
738 1071 54 32 the
815 1083 43 19 un
860 1071 105 32 wisest

135 1132 88 41 thing
247 1131 38 32 he
313 1131 89 32 could
426 1132 79 31 have
533 1132 75 40 said,
626 1133 120 41 though
770 1133 39 31 he
835 1133 51 31 did
909 1138 56 27 not

135 1204 92 30 guess
257 1192 72 43 why
356 1193 22 31 it
409 1205 63 19 was
503 1205 33 20 so
562 1193 119 34 unwise
695 1207 6 19 :
735 1195 39 31 he
803 1195 66 31 said
896 1195 69 32 that

137 1254 108 31 indeed
275 1254 53 31 the
345 1254 131 32 conduct
493 1255 33 31 of
544 1255 53 31 the
615 1256 120 41 Sphinx
759 1268 63 20 Avas
839 1268 33 20 so
888 1256 76 33 irre-

135 1315 192 41 proachable,
345 1315 60 31 and
424 1315 55 32 her
504 1315 169 42 allegiance
697 1321 32 27 to
753 1317 53 32 the
823 1317 140 42 Marquis

137 1388 33 20 so
185 1376 248 42 imperturbable,
446 1377 68 31 that
524 1377 24 32 it
559 1377 62 32 had
637 1383 56 36 got
708 1382 32 28 to
756 1378 38 32 be
811 1390 19 20 a
841 1378 75 43 joke
932 1383 33 28 at

136 1439 53 32 the
205 1439 87 31 clubs
306 1438 69 32 that
391 1450 59 31 any
467 1450 57 21 one
546 1439 70 32 who
640 1439 111 33 should
775 1440 95 43 really
886 1441 79 32 wish

137 1505 31 28 to
185 1511 60 29 pay
261 1505 87 27 court
362 1505 32 27 to
411 1499 54 33 her
481 1500 102 33 Avould
606 1500 79 33 have
706 1506 32 27 to
756 1502 38 31 do
812 1514 34 20 so
861 1503 104 32 before
