1079 1710
882 73 51 26 205

335 78 65 21 THE
424 78 110 21 CIRCLE
557 79 160 20 NARROWS.

452 154 114 32 echoed
600 155 42 31 M.
676 155 36 31 de
744 155 192 41 Sauveterre,

118 213 76 32 with
221 225 19 21 a
266 214 78 41 look,
362 215 51 31 the
438 215 116 42 cynical
580 220 305 37 contemptuousness
908 216 33 32 of

119 274 101 32 which
247 275 25 32 it
294 276 101 31 would
419 276 37 32 be
478 276 31 31 in
530 276 72 32 vain
621 281 33 26 to
674 281 130 37 attempt
832 281 32 26 to
887 276 51 32 de-

121 335 107 32 scribe.
393 337 106 32 what?
543 338 181 41 Moranges!
772 338 65 31 One
862 347 74 30 sees,

121 408 106 31 young
250 409 81 29 man,
348 398 68 32 that
431 410 61 30 you
514 399 79 31 have
616 410 85 20 come
724 399 77 31 from
820 398 120 41 beyond

122 457 52 32 the

196 520 73 40 Yes,
289 532 32 19 so
341 520 15 31 I
547 520 115 41 replied
685 521 103 30 cousin
804 521 88 40 Jean,
909 521 30 31 in

124 592 40 20 an
191 581 171 41 apologetic
386 586 70 27 tone
471 594 6 27 ;
533 581 128 39 besides,
688 587 32 26 at
743 582 42 31 M.
812 583 36 30 de
872 583 67 30 Mo-

124 643 120 39 ranges'
259 642 74 32 time
350 642 34 31 of
400 642 50 31 life

201 704 95 30 Don't
305 704 37 30 be
353 715 19 19 a
381 715 102 29 goose,
618 703 167 31 exclaimed
800 704 141 31 Madame

126 765 38 31 de
180 765 169 40 Varignan.
426 765 31 30 If
469 765 148 40 anything
633 764 89 31 could
737 765 72 41 help
825 770 31 26 to
873 776 69 30 sup-

125 831 69 36 port
209 837 76 30 your
300 826 105 31 insane
422 825 176 41 suggestion
613 826 24 30 it
652 826 100 30 would
763 826 65 40 just
843 826 38 31 be
896 826 46 31 his

125 898 56 30 age
194 900 7 27 ;
325 886 53 31 she
402 886 106 39 added,
526 886 146 40 lowering
694 886 54 31 her
767 887 81 30 voice
871 891 32 26 to
926 898 18 19 a

126 947 142 41 whisper,
365 958 61 29 you
442 958 59 28 see,
515 958 46 19 we
577 957 50 20 are
643 945 80 41 right
738 946 31 30 in
784 946 53 31 the
853 947 91 30 midst

128 1008 34 32 of
173 1008 52 31 the
241 1012 121 27 nearest
377 1007 143 31 relations
522 1026 39 3 —
561 1007 64 41 just
640 1007 31 30 in
686 1007 51 31 the
754 1019 72 30 very
838 1008 106 31 bosom

129 1069 34 33 of
180 1069 54 32 the
257 1069 103 41 happy
375 1068 105 41 family
481 1088 41 3 —
524 1069 60 30 and
642 1069 147 40 (pressing
815 1069 129 31 forward

128 1142 34 20 as
180 1130 53 32 she
250 1129 103 42 spoke)
422 1134 82 26 must
519 1141 39 29 go
574 1129 60 31 and
649 1129 196 42 compliment
860 1129 83 33 them

128 1202 83 29 upon

172 1253 44 31 At
240 1251 52 32 the
315 1251 66 31 first
407 1251 134 31 mention
566 1250 33 31 of
616 1250 52 32 the
692 1251 114 31 hateful
830 1251 114 42 subject

130 1313 110 44 (which
257 1313 59 32 had
332 1312 76 32 been
423 1312 88 31 made
528 1312 104 41 loudly
649 1312 120 41 enough
786 1312 45 32 for
854 1324 90 31 every

129 1388 57 21 one
209 1374 99 33 round
330 1378 32 28 to
384 1372 95 43 hear),
497 1372 141 33 Madame
654 1373 37 32 de
708 1373 155 33 Clavreuil
886 1374 58 32 had

128 1436 180 40 shuddered,
334 1435 59 31 and
418 1434 109 32 turned
550 1434 96 32 round
671 1439 32 27 to
731 1447 49 19 see
803 1435 68 31 who
893 1435 51 31 the

129 1499 128 42 speaker
273 1509 72 20 was.
393 1496 43 32 At
459 1496 52 31 the
537 1501 134 26 moment
690 1496 89 31 when
803 1496 23 31 it
848 1495 96 33 suited
