1079 1710
322 100 64 21 THE
409 99 112 22 CIRCLE
543 100 162 21 NARROWS.

867 93 52 27 197

146 172 95 42 Once,
266 174 32 32 in
320 175 55 32 her
398 187 110 30 agony,
535 176 51 31 she
609 175 130 41 thought
762 175 34 31 of
814 174 107 42 telling

101 233 54 33 the
187 235 98 32 whole
322 241 32 27 to
393 237 123 32 Olivier.
578 237 61 31 But
677 248 82 20 some
796 236 125 31 instinct

102 296 126 31 warned
253 297 55 32 her
331 297 68 32 that
425 298 38 31 he
482 309 63 20 Avas
571 298 157 41 incapable
756 297 33 32 of
811 297 110 31 under-

103 357 145 42 standing
270 358 83 32 what
376 359 54 31 she
453 359 102 31 would
580 359 113 40 reveal,
719 370 32 20 or
773 358 71 41 why
868 357 53 32 she

102 420 144 31 revealed
267 421 31 31 it.
346 421 50 31 He
412 421 101 31 would
530 421 88 31 think
640 425 51 27 too
715 421 77 30 little
816 432 33 19 or
871 424 50 27 too

103 481 92 32 much
213 481 34 32 of
264 482 84 32 what
365 481 54 33 she
437 482 65 32 told
524 482 73 39 him,
618 482 56 32 but
697 481 37 33 he
751 481 100 32 would
869 486 52 27 not

103 542 90 32 think
217 543 114 41 rightly
358 542 34 33 of
414 543 22 31 it
448 556 6 27 ;
489 542 67 41 still,
583 542 53 32 she
661 542 61 32 had
748 553 38 20 no
811 553 56 21 one
888 547 33 27 to

103 603 70 41 help
190 603 62 38 her,
274 603 61 32 and
354 603 98 41 might
472 603 52 32 she
545 608 54 27 not
619 614 74 20 once
716 603 30 30 in
769 603 54 31 her
844 603 77 31 need

100 665 112 41 appeal
234 669 31 28 to
289 665 53 32 the
363 664 139 32 husband
520 664 68 32 Avho
611 664 60 31 had
693 664 79 32 been
795 664 125 32 allotted

103 729 32 27 to
160 724 63 39 her,
251 724 59 32 and
334 735 52 31 cry
410 729 53 27 out
484 729 32 28 to
539 724 72 40 him,
670 724 79 33 Save
771 736 49 21 me
842 724 77 33 from

102 786 128 41 myself!

145 847 50 31 No
209 848 6 31 !
264 846 61 33 She
341 846 102 32 would
461 846 73 32 bear
549 846 24 32 it
589 846 39 32 all
645 846 94 40 alone,
761 846 67 40 and,
846 846 73 33 with

101 907 99 33 God's
244 907 144 42 blessing,
434 918 158 21 overcome
629 907 23 32 it
668 920 7 28 ;
717 907 88 32 there
842 919 77 21 were

102 968 155 42 examples
301 967 35 33 of
376 967 74 32 such
489 968 149 32 victories.
706 968 98 32 There
841 980 78 20 were

102 1041 129 28 women,
267 1029 138 32 virtuous
438 1029 60 32 and
529 1041 83 30 pure,
642 1028 68 33 aaIio
741 1029 60 32 had
832 1029 87 32 loved

101 1090 63 32 and
195 1090 130 32 suffered
355 1101 34 21 as
419 1089 54 33 she
495 1089 61 32 had
579 1089 84 41 done,
689 1090 59 32 and
771 1090 66 32 who
861 1090 58 32 had

100 1156 55 38 yet
180 1151 89 32 stood
293 1151 133 42 upright,
452 1150 61 32 and
541 1151 93 31 borne
661 1150 52 33 the
741 1151 94 32 shock
861 1151 58 32 and

100 1212 138 32 outlived
254 1212 32 40 it,
304 1212 61 31 and
380 1212 78 31 done
474 1211 78 32 their
568 1211 74 42 duty
643 1230 43 4 —
687 1211 69 42 why
772 1217 53 26 not
841 1212 53 31 she
905 1214 14 30 ?

146 1274 115 33 Olivier
284 1285 72 28 was,
381 1273 77 31 after
480 1272 47 32 his
550 1272 127 41 fashion,
695 1284 75 31 very
791 1273 74 31 kind
887 1278 30 27 to

99 1336 47 32 his
165 1335 67 31 Avife
257 1334 40 32 all
322 1333 60 32 this
407 1334 83 40 time,
516 1333 60 32 and
594 1333 60 32 this
675 1338 60 36 too,
759 1334 53 31 she
835 1334 82 41 bore,

99 1397 119 41 though
242 1396 24 31 it
288 1395 61 31 had
372 1394 39 32 its
435 1394 144 32 hardness
601 1395 30 31 in
647 1407 83 20 more
745 1407 84 30 ways
844 1396 73 31 than

99 1471 67 21 one.
215 1458 49 31 He
284 1468 63 19 was
369 1455 53 32 full
441 1455 34 32 of
494 1456 155 31 solicitude
672 1456 45 31 for
739 1456 55 32 her
817 1456 100 32 health

98 1521 63 32 and
177 1518 140 35 material
333 1517 152 41 comforts,
504 1517 68 41 and,
593 1518 97 31 above
712 1518 47 40 all,
783 1518 134 41 anxious,
