1079 1710
873 82 54 27 137

340 88 68 21 TWO
432 88 38 21 TO
494 88 62 21 THE
580 88 122 21 RESCUE.

111 161 222 44 half-terrified,
351 166 269 42 half-reproachful
632 166 182 42 expression,
826 166 56 31 but
897 170 30 27 at

110 224 53 32 the
180 237 83 21 same
279 227 74 32 time
367 228 123 42 turning
506 240 74 30 very
594 229 76 41 pale.

186 287 91 42 Joke,
292 289 100 31 Claire
406 291 5 30 !
463 289 38 31 he
517 290 114 31 echoed
644 303 6 28 ;
763 289 68 31 that
845 288 83 32 word

111 359 62 30 you
196 349 196 43 unwittingly
415 362 112 30 expose
550 363 75 29 your
646 351 97 30 whole
761 350 165 31 weakness.

112 408 71 32 You
207 409 84 33 don't
314 411 94 31 admit
430 423 78 20 even
530 412 53 31 the
605 411 169 42 possibility
799 410 33 32 of
854 409 75 33 such

112 481 18 21 a
155 471 118 42 project
300 484 33 19 as
356 473 89 40 mine,
474 474 59 31 and
557 485 60 30 you
646 474 64 30 talk
735 473 33 31 of
790 472 140 41 rescuing

112 532 109 42 people
235 534 5 30 !
289 533 38 32 he
343 535 107 39 added,
467 535 111 31 almost
595 534 170 40 scornfully.

186 594 16 30 I
334 596 133 40 rejoined
496 596 53 31 the
579 596 161 40 Marquise,
780 595 126 41 proudly
920 608 6 27 ;

140 665 53 30 my
209 654 98 32 desire
323 655 26 31 is
363 660 32 27 to
412 668 112 28 rescue,
550 661 54 27 not
618 662 32 26 to
665 668 194 29 recompense
873 668 7 28 ;
911 656 15 30 I

111 715 103 31 would
229 720 52 26 not
296 717 120 30 reward
432 728 118 29 anyone
566 717 45 30 for
628 717 50 30 the
695 716 59 31 evil
770 716 84 39 done,
871 716 56 30 but.

111 775 15 31 I
142 776 103 31 would
265 788 94 30 prove
375 777 67 31 that
458 778 40 30 all
515 778 46 30 sin
577 790 56 19 can
648 778 38 31 be
701 777 111 31 atoned
826 777 46 30 for
887 776 40 41 by

156 899 16 13 •'
185 898 59 40 No,
258 910 53 29 my
318 898 72 32 dear
530 899 173 41 interposed
711 899 52 30 the
773 897 136 42 Marquis
921 911 6 26 ;

141 970 61 30 you
228 959 123 31 deceive
377 960 141 40 yourself,
544 972 60 29 you
627 972 50 18 are
699 959 60 31 like
781 958 40 31 all
840 958 87 31 those

111 1019 33 31 of
155 1031 76 30 your
246 1020 75 31 kind
333 1033 5 19 :
371 1032 32 20 so
426 1021 74 40 long
521 1033 34 19 as
580 1021 52 31 the
651 1020 147 31 salvation
822 1019 34 31 of
873 1019 52 31 the

111 1080 102 31 sinner
229 1081 25 30 is
272 1085 33 26 to
321 1081 36 30 be
374 1082 126 31 secured
523 1081 41 41 by
579 1081 46 31 his
648 1081 201 41 punishment,
867 1092 60 29 you

109 1152 40 30 go
173 1140 88 32 heart
286 1141 61 31 and
375 1141 65 31 soul
462 1141 65 31 into
549 1141 52 32 the
625 1141 147 40 business,
797 1142 55 30 but
874 1141 53 31 the

108 1201 116 32 instant
242 1202 52 31 the
318 1202 127 32 sinner's
466 1202 147 32 salvation
636 1203 24 30 is
676 1208 30 26 to
721 1203 38 31 be
782 1203 145 31 achieved

108 1262 179 42 pleasantly,
305 1263 91 41 you'll
412 1275 78 19 none
512 1263 35 31 of
562 1263 24 31 it
599 1276 6 28 ;
627 1275 61 29 you
703 1275 51 20 are
777 1264 39 31 all
840 1264 87 39 alike,

107 1335 62 29 you

184 1385 16 31 I
216 1397 49 19 am
281 1390 53 27 not
347 1397 18 19 a
375 1386 136 39 devotee,
655 1385 132 32 retorted
798 1385 125 40 warmly

107 1447 100 32 Claire
219 1460 7 27 ;
323 1447 118 31 believe
456 1446 31 31 in
504 1447 70 31 God
589 1447 76 30 Avith
677 1459 52 28 my
741 1446 96 31 whole
849 1445 75 40 soul,

107 1508 61 32 and
182 1513 79 27 trust
276 1508 31 31 in
324 1508 74 31 Him
415 1507 60 31 and
490 1507 69 32 love
576 1508 75 30 Him
667 1507 71 31 with
759 1519 52 27 my
826 1505 97 31 whole
