1079 1710
121 83 33 27 12

353 88 82 22 LOA^E
458 87 63 21 THE
544 85 157 22 AVENGER.

121 177 82 31 poor.
250 166 99 31 These
370 176 78 20 were
469 162 106 42 nearly
591 162 39 31 all
649 160 109 43 people
774 157 169 43 belonging

122 232 32 27 to
182 227 50 31 the
257 226 171 33 well-to-do
452 223 251 39 middle-classes,
730 221 64 32 rich
825 220 118 32 trades-

121 289 72 40 folk,
226 289 163 42 employe's,
421 287 61 32 and
513 286 88 32 small
628 289 204 39 government
855 283 88 32 func-

121 350 150 39 tionaries,
299 349 109 43 people
438 348 69 32 who
531 352 103 28 resent
660 347 46 32 far
731 358 84 20 more
843 344 100 43 indig-

121 411 105 42 nantly
255 411 53 32 the
345 411 104 31 notion
480 410 34 32 of
547 422 18 19 a
596 408 240 33 condescension
866 407 75 31 than

120 471 67 33 that
217 471 35 33 of
276 483 39 21 an
345 471 107 43 injury.
499 471 62 32 Yet
586 471 98 32 Claire
712 470 60 32 and
795 469 146 32 Madame

121 533 175 32 Beaudouin
327 532 120 33 seemed
477 538 31 26 to
539 543 122 31 possess
690 531 54 33 the
775 536 99 27 secret
911 530 32 32 of

121 593 135 42 Avinning
281 593 78 32 their
386 604 76 31 Avay,
480 593 45 32 for
546 604 39 20 on
604 593 40 31 all
667 593 80 31 sides
768 592 75 42 they
859 604 80 20 were

122 654 147 41 sincerely
300 654 173 39 welcomed,
507 654 60 31 and
594 653 132 42 grateful
756 653 105 32 hearts
892 665 47 20 re-

122 714 134 41 sponded
280 719 31 27 to
332 714 53 33 the
409 714 84 32 truth
520 714 34 32 of
575 714 54 32 the
653 714 146 32 kindness
828 714 110 32 offered

121 779 31 26 to
168 774 91 32 them.

165 836 141 32 Madame
330 836 36 32 de
390 836 154 33 Clavreuil
568 836 88 32 could
678 841 53 27 not
750 836 188 33 understand

121 897 69 31 Iioav
212 897 73 41 they
300 897 148 41 managed
468 897 31 40 it,
518 897 59 32 and
599 897 53 32 she
668 897 151 43 imparted
839 902 33 28 to
887 898 51 32 the

123 957 95 32 ladies
234 957 34 32 of
289 957 54 32 her
368 969 67 20 OAvn
463 963 45 27 set
532 958 68 32 that
620 958 23 32 it
670 958 122 32 seemed
817 958 82 43 quite
921 971 17 20 a

121 1018 57 41 gift
202 1018 30 31 in
256 1018 52 32 the
335 1030 104 30 young
463 1019 154 42 Marquise
637 1024 31 27 to
691 1020 38 31 be
755 1020 67 32 able
844 1025 32 27 to
898 1032 40 30 go

121 1078 93 31 about
229 1090 111 29 among
357 1079 108 42 people
488 1079 69 32 who
573 1091 78 21 Avere
667 1084 53 28 not
736 1080 35 32 of
792 1081 55 31 her
871 1093 67 20 own

121 1138 153 32 condition
292 1139 61 31 and
373 1139 85 33 leave
479 1151 82 31 upon
579 1140 83 32 them
684 1152 18 21 a
723 1141 140 43 pleasant
883 1143 55 32 im-

121 1199 145 39 pression.

197 1259 14 31 I
231 1271 93 21 never
344 1260 91 32 know
455 1261 83 32 what
560 1266 31 28 to
611 1273 53 32 say
687 1266 32 28 to
874 1266 63 31 said

121 1319 53 32 the
189 1320 118 41 worthy
323 1321 161 34 Countess.

196 1381 123 32 Besides
471 1384 171 41 responded
651 1384 52 32 the
713 1385 71 42 lady
794 1391 32 26 to
837 1387 101 33 whom

123 1441 53 32 she
198 1442 164 33 addressed
383 1443 53 32 the
457 1443 96 33 above
572 1445 129 41 remark,
704 1465 43 5 —
779 1446 74 43 they
868 1460 70 21 con-

123 1503 76 32 trive
215 1508 32 27 to
263 1504 37 31 be
315 1503 148 34 affronted
479 1504 40 43 by
536 1505 155 34 Avhatever
706 1519 60 30 you
783 1508 39 32 do
