1079 1710
89 81 51 26 100

319 87 81 19 LOVE
424 85 63 21 THE
511 82 161 23 AVENGER.

86 166 45 33 for
156 177 48 21 me
229 170 32 27 to
284 165 105 41 judge.
437 163 37 30 In
500 162 55 31 her
579 165 125 36 strange
735 158 76 31 dark
836 168 79 31 way,

87 229 85 32 there
188 229 26 31 is
231 227 82 32 what
337 237 85 21 some
447 224 109 43 people
583 222 57 32 call
665 221 139 42 religion.
854 219 62 33 She

87 292 77 31 likes
189 289 95 42 going
308 293 31 27 to
363 286 116 33 church
495 284 190 42 immensely,
704 282 62 33 and
785 286 132 28 mutters

87 364 18 20 a
141 351 97 41 string
269 349 34 32 of
330 348 82 32 Aves
447 348 32 30 in
509 359 61 29 any
600 346 119 41 danger
750 356 34 20 or
820 355 97 20 emer-

89 425 107 30 gency.
244 412 61 32 She
337 421 98 21 wears
462 409 100 32 round
593 409 56 31 her
679 407 80 32 neck
789 418 19 20 a
838 405 79 32 little

91 475 92 32 silver
207 474 101 32 medal
336 473 34 31 of
391 472 52 32 the
461 471 122 42 Virgin,
607 470 61 32 and
685 469 111 40 would,
822 469 15 31 I
864 469 53 31 be-

89 536 86 40 lieve,
193 536 41 32 let
256 534 116 32 herself
391 534 37 31 be
453 537 52 28 cut
529 533 32 30 in
584 532 103 42 pieces
711 542 111 21 sooner
841 530 74 33 than

90 602 69 37 part
174 597 77 32 from

270 669 78 30 gave
379 657 23 31 it
562 656 95 31 asked
681 655 110 40 Claire,
816 655 31 31 in
878 666 38 19 an

92 720 151 42 unsteady
258 720 94 39 voice,
370 718 60 32 and
455 718 125 41 looking
605 729 87 30 away
707 722 32 27 to
765 716 70 32 hide
862 716 54 32 her

91 782 133 29 blushes.

169 843 61 32 She
246 842 61 31 will
322 854 93 20 never
431 841 54 32 tell
613 852 64 20 was
698 840 51 32 the
776 851 139 30 answer;

122 905 56 31 but
194 904 53 31 she
263 903 133 32 believes
413 903 67 31 that
496 902 102 31 medal
614 902 25 31 is
655 907 31 26 to
702 913 144 31 preserve
862 901 55 32 her

94 966 76 32 from
186 965 188 41 everything,
394 965 60 31 and
479 964 119 32 heaven
623 964 71 41 only
711 964 107 31 knows
835 963 82 32 what

94 1027 228 38 extraordinary
336 1037 126 28 prayers
479 1025 54 31 she
550 1025 160 31 addresses

170 1087 101 32 Count
477 1086 66 31 said
566 1086 52 31 the
643 1098 106 30 young
764 1087 156 41 Marquise

95 1149 77 31 after
187 1160 18 19 a
219 1148 103 31 rather
348 1148 73 40 long
446 1148 121 39 silence,
585 1148 60 31 and
667 1148 125 41 looking
808 1153 33 26 at
857 1148 63 31 him

96 1210 73 32 with
194 1222 18 19 a
238 1210 116 32 sudden
379 1210 118 32 resolve
514 1209 34 33 of
567 1209 100 32 which
694 1209 38 33 he
760 1210 91 32 could
866 1215 56 27 not

97 1283 90 31 guess
203 1271 52 32 the
271 1282 105 21 cause:
508 1283 75 31 poor
598 1271 58 42 girl
672 1276 84 27 must
772 1271 38 32 be
827 1271 95 32 saved

97 1333 98 31 —but
213 1332 85 32 there
314 1333 26 31 is
362 1332 56 32 but
434 1344 57 20 one
507 1344 69 31 way
591 1337 31 27 to
640 1333 38 31 do
695 1333 23 31 it
732 1347 6 27 ;
763 1345 53 30 my
832 1333 90 31 uncle

98 1393 124 32 himself
239 1398 82 27 must
347 1393 38 32 be
412 1394 135 42 brought
569 1398 32 27 to
618 1406 51 19 see
684 1394 54 32 the
753 1394 87 32 truth
852 1408 7 28 ;
882 1394 40 32 he

101 1460 81 27 must
198 1456 69 40 give
291 1455 55 32 her
362 1467 50 31 up,
429 1455 61 32 and
506 1456 15 30 I
537 1455 62 32 will
614 1456 38 32 be
668 1456 192 42 responsible
876 1457 46 31 for

100 1518 55 31 her
