1079 1710
318 111 122 23 BEFORE
462 113 68 21 AND
552 114 110 20 AFTER.

841 112 53 26 289

74 186 99 29 terror
201 195 63 22 was
296 185 59 32 lest
387 187 54 31 she
468 188 117 41 should,
618 189 31 32 in
667 201 18 21 a
707 195 136 27 moment
866 191 33 31 of

74 244 169 42 weakness,
276 258 89 20 avow
398 248 53 31 the
486 249 106 40 whole,
628 250 60 32 and
722 250 84 33 incur
842 251 52 32 the

73 305 126 43 penalty
233 307 59 31 due
323 312 32 27 to
387 308 55 32 her
475 310 100 32 crime.
645 311 162 41 However,
841 312 54 32 she

73 366 98 33 ended
190 367 42 43 by
248 370 216 42 surmounting
486 371 54 32 her
561 383 132 21 nervous
716 373 176 42 depression

73 428 35 32 of
127 429 111 42 spirits,
264 431 60 31 and
348 431 26 31 is
396 443 70 20 now
489 443 18 21 a
529 432 64 32 rich
617 445 128 29 woman,
762 434 132 31 married

72 493 33 28 to
122 501 18 20 a
161 490 334 42 building-contractor,
518 493 78 40 who,
614 494 115 42 mainly
744 494 73 32 with
839 495 55 31 her

73 551 81 42 help,
180 553 26 31 is
237 553 129 42 making
400 565 19 20 a
445 565 74 31 very
541 554 86 42 large
657 555 127 32 fortune.
832 556 61 32 She

72 612 76 33 lives
163 625 75 31 very
253 614 121 40 retired,
392 614 55 33 but
462 615 25 31 is
503 615 91 32 much
616 616 153 31 esteemed
784 616 41 42 by
839 617 53 31 the

72 675 110 42 people
198 675 68 33 who
289 676 141 42 frequent
452 676 63 40 her,
541 676 59 32 and
623 677 131 42 thought
777 689 18 20 a
817 689 74 30 very

72 736 191 32 remarkable
278 749 129 19 woman.

116 798 46 32 As
177 802 33 28 to
226 798 144 32 Madame
386 799 36 31 de
434 799 168 40 Mottefort,
617 799 52 31 she
686 799 26 31 is
727 799 163 32 welcomed

72 859 195 42 everywhere
281 873 6 27 ;
310 859 55 31 her
387 859 140 32 husband
549 859 55 31 has
626 859 78 31 been
727 861 163 40 appointed

72 925 30 27 to
119 933 18 19 a
152 920 163 32 command
337 920 31 31 in
389 920 53 31 the
465 920 253 42 neighbourhood
733 921 34 31 of
785 922 86 31 Paris
883 935 6 27 ;

72 982 61 31 and
155 981 70 31 hers
241 981 26 31 is
289 981 150 42 regarded
461 981 41 41 by
524 981 39 31 all
585 981 132 41 genuine
740 981 100 31 devots
856 993 34 19 as

72 1055 18 19 a
110 1042 151 32 beautiful
282 1054 70 20 case
377 1042 34 31 of
432 1046 182 38 repentance
616 1062 42 2 —
660 1053 18 20 a
697 1046 63 27 sort
784 1042 34 31 of
842 1054 48 19 re-

71 1103 256 40 commendation,
352 1102 118 41 indeed,
487 1106 31 27 to
533 1114 40 29 go
596 1102 61 31 and
681 1102 45 31 sin
749 1102 30 31 in
803 1103 87 31 order

72 1165 66 32 that
152 1165 52 31 the
221 1165 46 31 sin
282 1176 71 29 may
369 1164 38 31 be
423 1163 72 32 thus
510 1163 159 32 retrieved.

116 1226 73 30 And
205 1226 99 30 Claire
316 1227 14 29 ?

116 1288 66 30 The
205 1288 60 40 day
280 1287 154 40 following
448 1286 55 31 her
525 1286 163 31 husband's
711 1286 106 41 burial,
834 1286 54 31 she

72 1349 55 32 left
142 1349 52 31 the
210 1348 94 31 Hotel
321 1348 37 31 de
369 1347 192 40 Beauvoisin,
579 1347 69 40 and,
665 1347 46 32 for
724 1352 60 26 two
800 1359 89 29 years

72 1409 61 34 and
165 1421 19 20 a
216 1409 73 39 half,
315 1409 81 31 lived
419 1408 75 31 with
518 1408 54 31 her
597 1408 78 32 little
700 1420 55 20 son
781 1409 31 30 in
834 1408 55 31 her

72 1470 125 33 father's
229 1470 103 39 house,
356 1469 120 32 neither
509 1469 115 42 paying
656 1481 56 20 nor
733 1469 155 41 receiving

72 1532 88 32 visits
161 1551 42 2 —
205 1531 71 32 shut
301 1542 42 30 up
370 1530 107 42 totally
501 1530 76 32 from
607 1531 39 31 all
671 1535 122 27 contact
817 1531 72 30 with

101 1599 52 15 VOL.
173 1598 35 16 III.
