1079 1710
144 65 34 25 58

378 70 83 22 LOVE
485 70 65 20 THE
573 67 164 22 AVENGER.

217 148 101 33 There
338 160 78 28 now,
468 147 67 32 said
555 147 43 31 M.
618 146 37 31 de
674 143 198 41 Beauvoisin,
922 154 51 21 see

142 209 69 34 how
245 210 109 43 people
391 221 50 21 are
477 209 116 41 always
624 219 110 30 wrong
763 210 33 28 to
828 209 83 28 want
941 210 32 27 to

141 272 119 32 meddle
292 271 74 32 with
404 271 87 32 other
528 270 137 43 people's
704 269 111 32 affairs.
878 267 94 43 Why,

140 333 90 31 when
243 333 108 32 Victor
367 331 100 33 would
483 343 41 31 go
541 331 44 33 off
596 336 32 27 to
645 331 106 32 Africa
766 331 62 32 last
845 334 127 28 autumn

140 394 39 31 all
202 394 34 31 of
262 406 18 19 a
307 394 127 40 sudden,
459 393 84 32 what
571 405 19 20 a
613 404 64 21 row
703 392 42 33 all
777 404 56 21 our
862 392 111 42 people

139 455 89 32 made
243 456 6 31 !
295 455 16 32 I
326 466 94 21 never
436 454 95 32 heard
552 454 53 32 the
626 454 60 31 last
710 453 35 32 of
761 453 31 33 it.
840 453 51 32 He
908 465 65 20 was

142 517 161 40 'restless,'
326 518 61 31 and
408 518 15 31 I
445 517 86 32 don't
552 517 94 31 know
667 516 84 32 what
775 516 41 31 all
839 515 132 41 besides,

140 578 61 31 and
221 590 70 19 now
310 578 71 41 only
398 578 66 41 just
489 590 51 20 see
563 578 72 32 how
657 577 85 42 right
766 577 39 32 he
822 589 65 20 was
901 590 7 28 ;
933 577 39 32 he

139 639 90 31 knew
244 639 83 32 what
343 651 62 20 was
429 640 68 31 best
520 640 46 31 for
585 639 62 31 him
662 652 6 27 ;
698 639 61 32 and
774 639 96 31 that's
886 639 86 31 what

139 701 15 30 I
171 701 113 41 always
301 712 54 30 say
367 714 6 27 ;
398 712 18 20 a
431 713 72 20 man
519 713 72 30 may
607 706 55 28 not
678 701 38 32 be
732 713 19 20 a
771 701 120 42 genius,
915 701 57 32 but

139 761 39 32 he
194 762 114 41 always
320 762 106 32 knows
442 762 85 32 what
544 762 75 33 suits
636 762 127 32 himself
778 762 101 33 better
894 762 77 33 than

140 822 86 33 other
253 823 108 42 people
389 823 47 32 do.
484 823 135 41 Besides,
643 824 109 31 Victor
773 823 26 32 is
828 828 53 28 out
907 824 64 31 and

139 889 53 27 out
206 884 53 32 the
275 884 89 32 finest
379 884 101 32 fellow
496 884 30 32 in
541 885 53 31 the
613 885 99 31 whole

181 945 89 32 After
285 945 63 32 this
363 945 46 32 for
424 946 63 31 him
507 947 232 42 tremendously
755 947 74 41 long
846 948 123 41 speech,

140 1006 115 33 Olivier
281 1007 72 31 took
380 1007 117 40 breath,
524 1009 141 40 yawned,
695 1009 60 31 and
780 1009 189 43 thoroughly

138 1068 178 40 exhausted,
349 1068 144 31 subsided
519 1068 46 31 for
591 1069 50 32 the
667 1070 173 33 remainder
862 1071 35 32 of
916 1071 53 33 the

138 1129 140 41 evening.

182 1190 106 40 Claire,
309 1190 173 41 unnoticed,
508 1192 77 31 stole
608 1192 136 33 towards
767 1193 53 32 the
844 1205 122 20 conser-

138 1254 116 38 vatory,
277 1250 69 41 and,
369 1263 33 19 as
418 1251 52 32 the
495 1252 112 31 second
624 1258 70 36 part
713 1253 35 32 of
766 1254 54 32 the
843 1261 123 27 concert

138 1323 63 20 was
211 1312 66 41 just
292 1313 177 40 beginning,
486 1314 94 31 found
596 1314 117 33 herself
724 1315 87 33 there
828 1317 99 33 alone.

182 1374 62 33 She
268 1374 104 32 seated
397 1374 116 33 herself
531 1376 42 42 by
595 1388 56 20 one
677 1378 35 31 of
729 1379 54 32 the
806 1380 160 39 windows,

138 1435 61 32 and
227 1435 52 33 the
309 1435 72 33 heat
411 1436 123 32 indoors
567 1438 94 42 being
691 1446 98 35 great,
823 1442 60 32 and
913 1442 53 33 the

138 1497 94 32 odour
260 1497 34 32 of
314 1497 50 32 the
390 1498 102 42 plants
515 1501 185 40 oppressive,
723 1501 55 33 she
800 1504 121 40 opened
944 1505 22 32 it
