1079 1710
870 82 52 25 209

323 86 64 21 THE
411 86 110 22 CIRCLE
544 87 162 21 NARROWS.

178 163 49 31 I'll
244 163 84 32 drive
344 168 33 27 to
400 164 54 32 the
476 164 105 32 mairie
604 164 35 32 of
658 176 55 20 our
735 163 185 32 arrondisse-

101 229 86 26 ment
202 232 46 24 to-
253 236 136 29 morrow,
408 225 59 31 and
483 237 50 20 see
555 225 27 31 if
598 225 73 42 they
687 237 50 20 are
753 225 108 42 posted
876 237 43 30 up

239 286 168 32 exclaimed
422 286 52 32 the
490 287 167 32 Duchesse.

179 348 16 31 I
210 348 91 31 know
317 359 18 20 a
350 359 72 20 man
438 348 68 31 who
523 348 51 31 did
589 348 68 31 that
826 348 97 31 added

107 409 45 31 M.
170 409 37 31 de
232 409 190 39 Sauveterre,
477 409 55 31 but
555 409 87 32 there
667 409 26 31 is
717 409 129 41 nothing
872 420 51 20 an-

107 470 142 32 nounced
265 481 32 21 as
313 470 102 41 yet/'*

183 531 72 32 You
271 543 59 28 see,
347 530 143 33 Madame
506 530 30 31 la
551 530 167 40 Duchesse,
736 541 76 31 your
827 530 97 32 curio-

108 591 60 42 sity
184 591 61 31 Avill
269 591 80 32 have
372 596 32 26 to
432 591 84 31 learn
735 591 64 31 said
826 591 98 32 Henri

108 653 136 42 Dupont.
324 653 85 31 Your
433 653 140 41 question
600 664 33 20 as
656 657 31 27 to
710 652 53 33 the
779 653 85 32 when
878 664 46 21 re-

107 712 100 32 mains

231 784 61 30 you
446 773 134 32 retorted
604 773 61 40 she,
685 773 131 42 sharply,

107 834 90 32 could
212 845 119 20 ansAver
346 834 23 31 it
380 846 7 27 ;
411 834 45 31 for
472 834 16 31 I
502 845 51 21 am
569 834 168 31 convinced
751 845 60 30 you
833 834 91 31 know

108 895 41 31 all
164 895 93 31 about

151 955 102 32 When
292 955 100 32 Claire
435 955 61 31 had
534 955 94 32 heard
665 955 99 32 Henri
800 955 125 41 Dupont

108 1016 138 31 mention
272 1016 52 31 the
349 1016 62 31 fact
436 1015 34 31 of
488 1016 52 30 the
564 1015 88 42 delay
676 1016 31 30 in
732 1016 55 30 her
811 1016 114 31 uncle's

107 1077 152 40 marriage
285 1076 93 41 being
406 1076 110 32 caused
543 1077 40 41 by
606 1077 54 31 the
683 1077 103 32 illness
813 1077 34 32 of
873 1077 52 32 the

110 1138 129 42 Sphinx,
264 1137 54 32 she
343 1137 61 32 had
430 1137 109 32 turned
566 1137 66 32 half
649 1137 105 40 round,
781 1137 61 32 and
865 1137 60 33 had

107 1198 130 33 allowed
263 1198 54 31 her
342 1198 147 31 attention
516 1202 32 27 to
563 1198 37 31 be
624 1198 146 42 seriously
785 1198 140 42 engaged

108 1261 42 41 by
165 1260 86 32 what
265 1259 39 33 he
319 1271 64 20 was
400 1259 116 42 saying.

152 1322 61 32 She
237 1321 52 32 did
311 1325 54 28 not
384 1325 71 28 turn
477 1320 97 33 round
595 1321 180 42 sufficiently
790 1325 32 28 to
843 1321 79 32 force

138 1436 11 10 *
166 1435 79 22 When
255 1436 47 20 two
313 1441 96 22 persons
420 1441 37 14 are
468 1433 72 23 ahout
551 1436 24 20 to
586 1434 29 23 be
626 1434 101 23 married
738 1435 26 22 in
775 1435 96 29 France,
883 1435 39 23 the

104 1474 75 22 banns
198 1473 60 22 have
275 1474 24 20 to
315 1471 30 22 be.
360 1471 95 30 printed
471 1471 45 22 and
532 1472 83 30 posted
630 1480 33 22 up
679 1475 24 20 at
720 1472 40 24 the
776 1473 58 23 door
844 1473 25 23 of
883 1473 39 23 the

105 1512 82 23 mairie
199 1510 36 23 for
246 1518 13 14 a
270 1508 116 30 fortnight
398 1509 142 29 previously.

163 1569 50 15 VOL.
229 1568 36 16 III.

828 1569 11 14 p
