1079 1710
375 73 82 20 LOVE
480 70 65 21 THE
568 67 162 23 AVENGER.

143 68 51 25 130

143 162 91 30 every
258 151 82 39 look,
368 148 60 33 and
455 147 41 32 all
520 151 100 27 traces
648 145 35 31 of
710 143 261 32 embarrassment

143 213 60 32 and
220 213 127 41 shyness
363 211 62 32 had
441 208 210 43 disappeared.

219 275 41 31 So
390 271 142 33 resumed
553 271 44 31 M.
623 270 37 31 de
683 269 179 41 Moranges,
911 278 59 32 you

142 336 78 31 have
237 333 244 44 spontaneously,
499 333 60 31 and
585 332 128 32 Avithout
736 331 95 41 being
854 334 57 38 put
927 342 42 30 up

141 402 31 26 to
197 397 25 31 it
244 397 41 41 by
305 408 61 30 any
382 407 57 20 one
465 394 61 33 else
575 394 50 42 (he
648 392 204 34 accentuated
874 404 94 29 every

141 460 92 37 word,
251 459 60 31 and
327 457 110 33 looked
452 457 113 40 fixedly
581 461 34 27 at
630 456 49 31 his
695 454 117 42 hearer)
818 475 39 2 —
857 473 2 5 ■
859 475 44 2 —

380 518 93 41 being
495 522 57 38 put
574 529 42 30 up
631 522 32 27 to
685 517 24 31 it
732 517 42 42 by
790 528 61 30 any
868 527 66 29 one,
953 516 14 32 I

141 582 119 32 declare
276 587 32 27 to
432 580 146 42 repeated
594 580 110 40 Claire,
723 579 110 41 firmly.

214 644 69 31 You
307 643 77 32 have
408 642 35 32 of
460 653 77 31 your
553 653 69 21 own
801 640 166 32 continued

139 706 53 30 the
216 704 146 41 Marquis,
388 703 31 32 in
452 703 52 32 the
529 714 84 21 same
634 707 81 35 tone,
774 701 193 33 determined

139 771 32 26 to
194 769 158 38 penetrate
377 765 64 31 into
466 764 53 32 the
542 769 83 27 most
648 769 100 27 secret
772 775 139 20 recesses
934 764 35 31 of

139 839 52 29 my
206 827 119 41 private
352 826 58 40 life,
434 825 61 32 and
520 825 105 32 advise
649 837 50 20 me
723 825 46 32 for
793 825 86 32 Avhat
902 837 61 30 you

139 888 151 41 naturally
306 893 78 26 term
407 899 52 30 my
475 887 79 42 good
564 889 14 29 ?
623 887 100 32 Claire
735 888 6 31 !
790 887 100 31 added
912 887 50 41 he,

139 951 77 31 after
240 962 18 19 a
285 950 84 31 short
394 961 104 29 pause,
563 949 14 31 I
600 948 80 32 have
704 960 94 20 never
820 949 144 32 meddled

139 1012 73 31 with
239 1023 77 29 your
341 1011 146 31 domestic
514 1010 60 41 life,
601 1022 95 20 never
722 1010 54 32 felt
804 1022 78 20 even
910 1010 53 32 the

139 1073 140 40 slightest
306 1072 145 40 curiosity
469 1076 32 26 to
525 1071 92 32 know
636 1071 83 32 Avhat
744 1077 83 26 Avent
852 1084 40 20 on
908 1073 55 31 be-

139 1134 72 31 hind
238 1134 52 31 the
318 1145 104 20 scenes
435 1147 5 25 ;
465 1134 60 30 and
550 1133 76 39 that,
657 1134 109 41 simply
790 1134 133 33 because
948 1135 14 31 I

139 1196 49 31 did
204 1201 52 26 not
271 1195 88 31 think
375 1195 23 31 it
413 1206 63 21 was
499 1206 60 31 any
575 1195 140 32 business
740 1195 34 32 of
791 1196 92 41 mine,
901 1197 61 31 and

138 1259 129 30 because
293 1257 14 31 I
330 1256 73 32 hold
427 1268 19 20 a
468 1257 98 31 man's
592 1257 117 42 private
733 1257 50 32 life
802 1263 32 26 to
859 1259 38 31 be
914 1259 48 31 his

139 1331 67 20 own
223 1318 151 32 exclusive
390 1322 153 38 property,
562 1318 60 31 and
643 1323 31 26 to
698 1319 37 31 be
760 1320 107 31 sacred
883 1320 77 31 from

138 1380 51 32 the
213 1379 147 32 intrusion
384 1379 33 31 of
443 1391 38 19 no
506 1384 111 27 matter
642 1380 70 31 how
740 1392 73 20 near
839 1393 18 19 a
884 1381 77 31 rela-

358 1501 64 31 said
440 1501 108 39 Claire,
597 1503 15 30 I
628 1502 58 32 feel
709 1503 53 31 the
781 1503 101 31 lesson
899 1515 59 29 you
