1079 1710
135 83 34 27 38

369 88 82 21 LOATE
475 86 64 21 THE
562 82 163 23 AVENGER.

136 165 127 33 comfort
288 169 32 27 to
462 160 117 43 replied
605 158 146 32 Madame
769 151 191 41 Beaudouin,

136 239 32 19 as
185 227 53 31 she
254 226 71 32 held
338 229 53 28 out
407 224 54 32 her
476 222 83 32 hand
574 226 32 27 to
622 220 74 32 him.

209 288 71 32 You
303 287 78 32 have
406 286 78 31 been
505 295 41 29 so,
565 282 61 33 and
641 293 62 31 you
720 292 57 21 can
793 279 39 32 be
849 289 34 21 so
900 276 61 33 still

135 361 90 28 more,
249 348 26 32 if
296 359 61 31 you
382 346 62 33 will
468 345 133 43 promise
627 355 59 29 me,
714 342 161 32 whatever
901 351 60 30 you

135 412 73 31 hear
225 410 33 32 of
276 421 58 28 me,
352 414 32 27 to
400 420 121 21 reserve
540 419 79 30 your
641 405 176 43 judgment,
835 403 31 31 in
884 402 77 42 spite

136 473 32 31 of
187 484 52 30 my
254 471 182 43 reputation,
459 470 61 32 and
543 474 54 27 not
620 468 88 32 think
732 475 99 23 worse
855 464 34 33 of
912 476 49 20 me

135 534 74 32 than
225 533 34 32 of
269 545 61 29 any
346 532 88 33 other
449 532 102 41 erring

177 595 98 31 There
303 605 62 20 was
392 605 40 19 an
457 593 44 31 air
526 592 34 32 of
583 592 111 32 almost
716 589 155 33 mournful
896 599 65 20 ear-

135 660 137 28 nestness
303 656 31 31 in
364 655 53 32 the
447 654 138 42 Marquis
615 653 69 32 that
716 652 157 41 strangely
904 651 57 30 im-

134 716 125 42 pressed
285 717 84 30 Aunt
394 715 201 33 Clementine.
644 714 61 33 She
727 713 52 32 did
797 718 56 27 not
871 712 89 32 Avith-

134 778 85 31 draw
234 777 53 32 her
302 777 83 32 hand
400 777 77 31 from
494 777 45 31 his
556 788 33 19 as
606 776 55 31 she
677 775 104 38 asked,
784 794 44 4 —

207 838 30 31 Is
259 838 87 32 there
369 850 39 19 no
424 850 68 29 Avay
508 838 31 30 in
556 836 99 33 which
677 837 17 31 I
714 848 57 21 can
792 837 38 31 be
848 836 34 32 of
904 847 54 20 use

133 906 32 25 to

177 961 61 31 For
252 972 57 20 one
325 965 137 27 moment
477 961 38 31 he
531 960 161 39 hesitated,
710 960 60 31 and
786 959 84 40 then,
875 977 40 6 —

250 1022 62 32 fear
504 1022 39 32 he
573 1022 159 32 ansAvered
744 1035 6 28 ;
882 1033 77 30 your

134 1094 102 21 career
266 1095 33 20 as
330 1095 18 20 a
378 1083 134 43 hospital
543 1083 105 32 visitor
678 1084 60 31 and
768 1095 102 30 nurse,
896 1096 63 30 you

133 1145 78 32 have
235 1156 80 30 seen,
341 1145 162 41 doubtless,
523 1158 94 30 many
638 1158 18 20 a
677 1147 161 41 sickening
864 1147 92 42 sight,

133 1206 112 32 tended
267 1218 92 30 many
375 1218 18 20 a
415 1207 124 41 ghastly
560 1207 112 31 wound
684 1221 6 27 ;
714 1208 57 31 but
793 1220 61 29 you
878 1208 81 33 have

133 1267 111 42 mostly
275 1279 71 20 seen
377 1279 76 30 your
483 1268 134 41 patients
644 1268 49 32 die
724 1269 35 31 of
783 1269 80 32 their
898 1270 59 40 ills,

132 1327 99 32 which
247 1328 34 40 is,
298 1328 30 31 in
347 1328 71 41 fact,
436 1328 131 42 nothing
581 1342 6 27 ;
611 1329 87 32 there
720 1331 24 30 is
766 1342 99 21 Avorse
881 1331 77 33 than

131 1388 65 32 that
207 1402 7 27 ;
236 1388 86 33 there
346 1389 26 31 is
462 1390 61 31 But
538 1390 84 32 what
649 1402 50 20 am
726 1391 15 31 I
762 1392 120 42 talking
904 1393 55 33 of?

132 1450 115 42 forgive
271 1462 58 29 me,
347 1451 60 31 and
432 1451 91 41 again
550 1452 15 31 I
593 1463 63 31 say,
674 1453 134 41 promise
832 1466 50 20 me
898 1466 60 21 one

131 1513 96 42 thing,
245 1512 89 34 when
357 1524 60 32 you
440 1513 74 33 hear
533 1526 49 20 me
599 1514 117 33 abused
732 1527 39 21 on
788 1516 40 32 all
845 1516 109 41 hands,
