1079 1710
121 76 51 26 170

364 83 83 20 LOVE
471 83 64 20 THE
558 80 163 22 AVENGER.

193 160 56 39 Oh,
269 160 108 39 Claire,
396 160 82 39 dear,
496 158 84 31 what
607 169 18 20 a
649 155 167 44 happiness
830 155 6 31 !
893 152 55 32 she

119 220 177 33 exclaimed.
375 220 50 31 He
437 220 62 30 will
516 220 38 31 be
567 219 73 31 here
657 218 30 31 in
703 217 88 32 Paris
807 216 31 31 in
854 227 18 21 a
888 215 59 31 few

118 282 75 41 days
207 295 6 27 ;
254 282 38 31 he
323 282 25 30 is
381 281 150 42 perfectly
558 280 70 31 well
629 299 44 4 —
674 279 84 42 quite
783 276 165 34 recovered

116 343 78 32 from
210 343 47 32 his
273 343 137 32 wounds.
458 343 31 31 It
501 343 25 31 is
542 343 39 31 he
597 343 103 31 whom
711 341 51 32 the
779 350 168 32 governor-

116 405 125 42 general
268 404 91 33 sends
386 404 75 33 with
487 404 54 32 the
570 404 110 32 official
705 408 106 37 report
836 402 35 32 of
893 401 54 32 the

117 466 99 30 Avhole
218 485 42 3 —
261 466 86 30 there
364 465 26 31 is
406 465 47 31 his

507 527 95 31 asked
629 526 111 40 Claire,
769 525 119 41 staring
915 528 31 28 at

116 589 54 31 her
186 589 129 40 mother,
334 589 69 31 who
429 588 148 32 snatched
602 600 40 19 an
659 599 80 31 open
755 587 90 32 letter
867 586 79 32 from

116 663 18 19 a
149 650 91 38 table,
258 650 60 31 and
330 650 73 31 held
419 650 23 30 it
458 654 55 26 out
529 654 32 26 to
577 649 63 31 her.

161 712 181 31 "Victor's!
368 711 81 40 dear,
469 711 71 31 dear
563 711 155 40 Victor's;
753 710 105 31 whose
884 709 61 32 else

116 772 110 31 should
241 773 24 30 it
281 773 38 31 be
329 774 14 29 ?
391 772 134 40 rejoined
541 773 144 31 Madame
703 772 37 31 de
757 771 165 33 Clavreuil.

287 845 61 30 you
377 834 145 41 mocking
548 845 58 29 me,
848 833 96 32 asked

116 895 110 40 Claire,
244 895 126 41 turning
386 895 92 31 white
503 906 35 20 as
564 906 18 20 a
607 895 118 32 marble
752 900 109 35 statue,
911 906 34 20 or

116 968 50 20 are
191 968 61 30 you
277 961 53 28 out
354 956 34 32 of
418 968 78 30 your
522 958 124 31 senses?
691 956 97 33 What
811 956 134 32 horrible

116 1018 80 32 fable
213 1018 25 32 is
265 1018 61 31 this
339 1019 14 31 ?
397 1017 98 32 What
515 1017 124 43 ghastly
651 1018 118 42 jesting
793 1018 74 32 with
890 1017 54 33 the

116 1079 77 30 dead
207 1079 6 30 !

193 1140 61 31 But
269 1139 86 32 there
372 1151 51 20 are
448 1152 40 19 no
518 1141 86 40 dead,
623 1153 52 29 my
693 1141 122 32 dearest

116 1201 143 42 repeated
284 1201 55 31 her
365 1202 129 41 mother,
525 1203 228 42 energetically.
840 1204 32 31 If
900 1215 46 21 we

116 1262 72 31 read
203 1262 52 31 the
272 1274 111 30 papers
399 1263 163 41 regularly,
582 1275 42 29 as,
642 1264 120 41 indeed,
785 1265 16 31 I
824 1265 122 33 fancied

115 1334 61 30 you
198 1322 59 40 dicl,
274 1322 118 42 though
420 1323 16 30 I
464 1323 38 31 do
628 1325 114 42 (Claire
766 1326 62 32 had
850 1338 96 21 never

116 1384 111 31 looked
259 1388 33 26 at
316 1395 18 19 a
364 1395 182 30 newspaper
574 1385 82 33 since
686 1386 54 33 the
774 1387 76 33 fatal
885 1388 61 43 day

117 1448 99 32 which
247 1447 61 32 had
331 1447 137 42 brought
494 1448 53 32 the
573 1462 84 20 neAvs
685 1452 35 31 of
743 1453 42 32 M.
804 1453 37 31 de
861 1453 85 31 Lan-

116 1511 101 31 cour's
243 1508 112 41 death,)
502 1510 111 33 should
643 1518 54 26 not
729 1513 38 32 be
793 1525 33 20 so
852 1514 93 33 taken
