1079 1710
878 80 33 26 77

223 85 141 23 LIGHTLY
388 87 129 26 LOVING,
541 86 141 21 LIGHTLY
705 86 81 21 LOST.

95 163 72 42 (this
184 165 131 42 escaped
330 165 63 41 her,
407 165 59 33 and
481 165 24 32 it
516 176 63 21 was
596 165 70 41 only
682 176 32 20 as
731 164 53 31 she
801 164 111 41 caught

93 225 53 32 the
174 231 126 37 strange
326 226 72 33 look
426 226 34 33 of
481 227 88 31 Aunt
596 225 216 33 Clementine's
843 236 73 31 eyes

94 286 82 32 fixed
205 298 83 32 upon
315 287 55 32 her
398 287 68 32 that
494 287 54 32 she
570 287 54 32 felt
656 286 52 33 she
734 286 62 32 had
819 286 97 32 borne

95 348 123 32 witness
235 349 121 42 against
370 348 139 41 herself).
589 349 15 31 I
619 348 60 32 had
696 360 38 19 no
751 347 165 43 complaint

95 413 34 28 to
144 410 92 31 make
262 411 119 41 against
404 411 43 31 M.
465 410 37 31 de
733 408 52 32 she
809 408 106 40 added,

97 470 32 31 in
160 482 19 20 a
207 470 95 32 lower
331 476 81 35 tone,
448 470 61 31 and
539 470 125 41 looking
694 469 90 32 down
817 469 101 32 rather

99 531 178 42 confusedly
288 546 6 27 ;
405 543 63 20 was
483 543 75 30 very
573 530 74 32 kind
663 535 31 27 to
710 542 57 28 me,
786 530 59 32 and
861 530 23 32 is
901 542 17 20 a

99 597 83 27 most
198 592 130 41 worthy,
347 592 150 32 excellent

176 653 70 31 You
265 652 61 32 had
347 664 39 20 no
410 651 135 32 children
557 653 13 30 ?
624 651 138 41 inquired
777 651 140 32 Madame

101 713 186 31 Beaudouin.

285 784 63 20 was
357 772 52 31 the
420 772 93 40 reply,
522 771 73 31 with
606 772 60 30 still
676 771 155 32 downcast
838 783 78 29 eyes.

143 833 142 32 Madame
313 833 178 31 Beaudouin
519 832 138 42 dropped
680 832 53 31 the
759 833 82 31 hand
866 833 50 32 she

99 894 62 31 had
177 894 133 31 hitherto
326 894 72 31 held
414 894 31 31 in
461 894 80 31 hers.

176 955 70 32 You
261 954 62 32 had
337 959 62 27 two
416 954 136 32 children
564 955 15 31 ?
631 954 54 31 she
709 954 122 39 echoed,
849 954 29 31 in
901 966 16 20 a

99 1021 72 27 tone
198 1016 34 32 of
254 1016 87 32 voice
369 1027 32 21 so
427 1015 218 41 involuntarily
667 1015 162 42 reproving
851 1015 66 33 that

101 1079 114 30 Berthe
232 1078 129 31 blushed
378 1077 118 32 scarlet.

176 1140 54 41 My
245 1139 75 31 little
336 1138 57 42 girl
410 1137 70 33 died
495 1137 90 32 when
602 1136 52 33 she
671 1148 63 21 was
750 1136 67 33 four
830 1149 88 30 years

199 1200 53 31 she
277 1199 142 42 rejoined,
445 1198 61 32 and
528 1203 82 27 tears
634 1198 100 42 began
758 1203 32 27 to
813 1199 105 32 trickle

102 1274 74 20 over
193 1262 55 31 her
271 1261 133 41 burning
428 1260 112 31 cheeks
552 1273 6 27 ;
613 1271 54 30 my
685 1271 55 20 son
764 1259 26 32 is
814 1260 103 42 living,

102 1324 61 32 and
178 1324 26 31 is
219 1324 139 30 between
374 1321 71 32 nine
462 1321 61 31 and
537 1324 54 28 ten
606 1331 90 29 years

177 1385 64 31 The
262 1396 85 29 ways
364 1383 33 31 of
417 1382 189 32 Providence
631 1393 51 20 are
868 1383 53 30 ob-

101 1446 109 33 served
226 1446 87 32 Aunt
331 1444 204 39 Clementine,
555 1442 152 42 relenting
731 1446 31 27 at
787 1442 80 42 sight
891 1444 32 30 of

100 1508 55 32 the
178 1506 145 34 mother's
348 1517 115 21 sorrow
488 1504 47 32 for
564 1504 52 31 the
646 1514 137 29 memory
807 1503 34 31 of
866 1503 55 32 her
