1079 1710
261 108 64 20 THE
349 109 101 19 NIGHT
474 108 38 20 OF
535 108 85 20 THAT
642 109 75 19 DAY.

841 103 53 25 259

73 180 56 44 ing
153 187 54 28 out
228 182 75 33 both
323 183 55 32 her
400 184 106 40 hands,
531 184 60 31 and
615 183 96 43 gazed
735 183 30 32 in
790 183 104 32 horror

74 254 83 31 upon
188 244 52 32 the
271 245 73 31 livid
373 245 75 42 face,
479 245 101 32 before
614 245 55 32 her
697 245 109 42 parted
835 245 58 42 lips

76 305 91 32 could
184 317 63 30 say,
250 326 44 3 —

153 366 115 32 Olivier
281 368 7 30 !

119 429 51 31 He
186 429 74 32 took
275 430 55 31 her
345 431 98 31 hands
459 431 30 31 in
504 431 56 32 his.
594 431 59 31 His
665 442 80 21 were
761 431 131 41 clammy

76 490 60 31 and
153 490 69 32 cold
239 502 33 20 as
289 491 99 31 death.

259 552 51 33 the
481 553 66 32 said
570 553 48 40 he,
645 565 74 30 very
746 553 67 40 Ioav,
841 553 53 32 but

74 612 76 32 Avith
167 624 17 20 a
200 618 124 37 strange
348 619 167 35 utterance,
572 614 60 32 and
656 626 85 20 come
764 614 80 32 back
862 619 31 27 to

75 685 49 21 me
128 693 39 3 —

119 735 101 32 Claire
247 735 51 32 did
324 747 34 20 as
386 735 52 32 she
465 747 64 20 was
555 735 60 39 bid,
642 736 61 31 and
726 736 89 31 when
841 736 52 31 she

74 795 61 32 had
159 795 108 33 locked
290 796 39 32 all
351 796 53 32 the
428 796 89 32 doors
542 807 38 20 on
603 796 52 32 the
678 796 105 40 inside,
808 808 85 20 came

73 857 79 30 back
167 862 32 25 to
215 857 52 30 the
284 857 137 30 boudoir.

117 917 117 33 Olivier
250 918 61 32 had
333 918 77 32 sunk
432 918 89 31 down
543 929 83 30 upon
642 929 18 20 a
675 917 73 40 sofa,
766 918 60 31 and
842 917 50 43 lay

73 978 75 32 with
171 978 48 32 his
242 978 80 32 head
345 978 118 42 resting
487 990 39 20 on
548 990 18 20 a
587 978 134 40 cushion,
745 978 59 32 and
819 978 73 32 with

73 1039 47 32 his
138 1051 71 31 eyes
226 1039 110 32 closed.
384 1040 59 31 His
464 1039 133 32 features
612 1050 80 21 were
713 1039 104 31 draAvn
833 1039 59 32 and

72 1101 142 42 pinched,
239 1101 61 31 and
325 1101 75 31 dark
425 1101 70 31 blue
520 1100 60 32 and
600 1100 93 32 violet
716 1100 75 32 lines
813 1113 78 19 were

73 1163 108 31 visible
204 1162 98 32 round
325 1162 52 31 the
400 1174 74 19 nose
498 1161 60 32 and
583 1161 107 32 mouth
714 1161 60 32 and
796 1162 95 31 under

71 1223 52 32 the
151 1235 80 29 eyes.
279 1222 99 31 There
405 1234 63 19 was
495 1234 19 19 a
530 1222 146 36 .dreadful
703 1233 64 20 awe
794 1222 97 31 round

71 1285 69 31 that
162 1284 81 31 head
261 1283 101 31 which
384 1283 89 31 made
498 1282 99 33 Claire
622 1283 76 40 sink,
725 1282 54 32 she
802 1283 89 31 knew

70 1350 54 27 not
149 1345 79 42 why,
255 1356 83 30 upon
362 1344 54 31 her
440 1343 93 32 knees
559 1344 59 31 and
642 1344 83 31 draw
751 1344 80 31 close
858 1349 32 26 to

69 1409 56 31 her
141 1407 150 33 husband.

258 1469 54 31 has
563 1467 53 32 she
633 1467 72 40 said,
723 1467 31 31 in
769 1466 120 32 hushed

67 1538 89 27 tones
168 1545 5 19 :
232 1530 71 40 why
319 1541 50 21 are
386 1541 59 29 you
462 1540 33 21 so
512 1529 67 32 cold
590 1530 14 32 ?

767 1596 10 14 s
793 1592 11 18 2
