1079 1710
330 98 124 21 COMING
477 99 38 20 TO
538 99 63 20 THE
625 99 98 20 POINT.

879 93 52 25 115

116 173 83 31 Mile,
221 174 36 31 de
267 174 217 42 Mourjonville
502 175 247 42 imperturbably,
793 174 60 31 and
868 173 23 32 it
906 174 25 31 is

112 234 153 42 precisely
287 246 83 30 upon
388 235 53 32 the
467 236 86 41 point
576 236 15 30 I
607 247 49 19 am
672 234 121 42 coming
814 238 33 27 to
862 233 68 32 that

117 296 15 31 I
156 297 78 31 need
256 309 77 29 your
355 297 182 41 indulgence
551 310 6 27 ;
581 297 45 31 for
648 298 16 30 I
687 297 38 31 do
746 296 57 32 feel
826 295 68 32 that
917 296 14 30 I

115 357 90 31 acted
220 363 51 26 too
287 359 217 41 precipitately.
551 359 15 30 I
581 359 61 30 had
657 370 123 20 reasons
782 377 41 3 —
825 361 105 37 strong

115 430 75 20 ones
217 420 146 42 certainly
366 439 41 3 —
408 420 46 31 for
477 420 154 41 believing
653 420 30 31 in
705 420 52 31 the
781 420 114 40 danger
915 419 16 30 I

116 480 79 32 have
207 480 66 42 just
289 481 125 42 pointed
430 486 53 27 out
498 486 33 27 to
546 492 68 30 you.
659 481 55 41 My
723 480 66 32 first
803 480 128 42 impulse

115 554 65 20 was
201 547 31 27 to
245 543 110 31 inform
371 555 61 30 you
449 543 33 31 of
496 543 85 31 what
597 554 62 20 was
675 542 91 41 being
780 542 133 42 planned
924 555 7 27 ;

116 602 16 31 I
155 607 95 27 wrote
272 614 54 30 my
349 607 70 27 note
442 607 30 27 to
496 614 61 30 you
580 602 58 31 last
660 602 97 41 night,
774 602 60 31 and
856 601 75 31 after

116 674 153 31 everyone
289 674 62 21 was
368 663 31 31 in
415 663 67 39 bed,
502 663 118 41 slipped
637 667 51 27 out
703 667 32 26 at
750 662 51 31 the
818 662 113 41 garden

114 729 74 36 gate
204 724 60 32 and
279 723 110 42 posted
400 723 25 32 it
437 723 74 32 with
523 735 52 29 my
588 734 69 21 own
669 723 105 31 hands.
814 723 15 30 I
845 722 86 32 acted

114 797 83 29 upon
213 797 18 20 a
254 786 66 31 first
336 785 130 41 impulse
482 785 61 31 and
666 784 52 32 she
734 784 122 42 paused.

321 846 80 32 cried
416 846 52 32 the
484 846 161 40 Dowager,
690 845 81 32 what
786 845 73 32 then

278 909 16 30 I
328 920 63 19 was
610 907 158 32 answered
801 907 127 42 meekly,

113 970 142 40 Aspasie.

157 1031 66 31 The
242 1032 154 39 Dowager
416 1042 113 30 sprang
549 1031 77 30 from
648 1030 51 31 the
718 1030 83 31 chair
819 1030 40 41 by
877 1030 50 31 the

112 1092 125 40 bureau,
255 1092 61 31 and
330 1092 86 40 flung
431 1091 115 31 herself
563 1091 88 31 down
675 1091 90 41 again
780 1102 82 30 upon
877 1090 50 32 the

112 1165 57 20 one
183 1153 53 31 she
252 1152 61 31 had
329 1153 67 30 first
412 1152 146 40 occupied
570 1152 40 40 by
626 1152 51 31 the
693 1152 61 31 fire.

188 1215 84 40 Why
299 1226 78 20 were
405 1226 61 29 you
493 1225 115 29 wrong,
632 1214 16 30 I
678 1213 108 31 should
810 1213 60 32 like
896 1218 31 27 to

110 1276 116 31 know?

185 1337 135 31 Because
361 1336 15 31 I
418 1336 167 31 calculated
624 1347 80 30 upon
743 1335 83 32 what
863 1347 63 20 was

106 1398 177 42 manifestly
322 1397 179 33 insufficient
503 1417 42 2 —
546 1398 14 31 I
597 1397 168 42 altogether
796 1397 130 31 mistook

106 1461 51 31 the

181 1524 87 32 More
285 1523 60 33 fool
361 1535 70 29 you,
449 1522 72 32 then
581 1522 87 32 burst
682 1522 77 31 from
775 1521 52 32 the
843 1521 80 31 Mar-

806 1587 8 14 I
829 1582 11 19 2
