1079 1710
143 89 53 27 276

374 96 82 20 LOVE
479 94 64 22 THE
566 91 161 23 AVENGER.

143 171 52 32 the
213 171 137 42 jeweller
372 172 31 31 in
419 171 87 32 three
522 168 133 33 months.
704 165 111 34 Before
831 163 54 33 the
901 163 77 32 time

146 245 62 20 was
225 245 50 31 up,
293 234 39 32 he
348 234 69 40 had,
442 232 160 42 naturally,
619 236 32 27 to
668 229 120 33 confess
804 227 54 32 the
875 225 103 32 Avhole

144 296 187 32 transaction
360 301 32 27 to
424 295 195 39 Mardonnet,
646 292 79 40 who,
758 290 47 33 for
829 301 18 20 a
904 300 74 20 con-

147 357 164 32 sideration
360 358 34 31 of
410 369 18 20 a
443 369 76 30 very
535 356 102 42 heavy
647 353 199 42 description,
864 350 114 33 under-

146 419 74 31 took
244 424 32 27 to
300 420 103 31 obtain
420 419 51 32 the
495 430 113 30 money
608 436 44 4 —
653 417 61 32 and
733 414 93 33 failed
838 415 6 31 !
892 412 86 32 That

146 480 36 42 is,
199 480 69 32 that
282 481 160 42 thirty-six
466 481 93 31 hours
580 479 104 32 before
699 477 53 33 the
769 477 61 41 day
847 475 35 32 of
900 486 78 31 pay-

146 548 96 34 ment,
267 543 38 31 he
337 543 60 32 had
426 548 32 26 to
488 542 111 32 inform
630 540 47 32 his
709 538 142 44 youthful
884 538 94 32 client

147 604 67 32 that
236 616 40 20 no
291 604 233 42 money-lender
538 604 39 31 he
594 602 91 32 could
704 601 152 31 influence
873 598 105 34 would

147 676 91 30 agree
260 670 33 27 to
309 665 135 32 advance
460 665 52 32 the
528 664 146 42 requisite
692 674 84 20 sums
794 665 33 29 to
845 673 18 20 a
878 660 103 32 minor

148 726 103 33 unless
282 726 52 33 the
365 726 53 32 bill
441 738 81 21 were
547 725 150 32 endorsed
728 725 42 41 by
795 735 85 20 some
904 734 74 19 man

147 787 69 32 who
247 787 62 32 had
338 787 126 43 already
490 787 134 33 attained
654 787 48 31 his
731 786 153 41 majority,
918 783 62 33 and

149 848 102 32 Avhose
274 860 107 20 means
408 860 80 20 were
518 848 123 42 beyond
666 847 94 33 doubt
788 859 34 20 or
845 847 134 41 dispute.

149 909 144 32 Olivier's
325 922 56 19 one
411 914 183 38 paramount
627 909 92 32 dread
750 920 63 20 Avas
851 908 70 32 that
951 907 35 32 of

150 973 159 41 discovery
325 984 38 20 on
390 972 46 32 his
460 972 149 32 mother's
632 976 78 38 part.
758 971 76 31 This
850 983 74 28 was,
949 975 34 27 to

150 1045 19 20 a
185 1034 115 31 certain
317 1034 119 41 degree,
455 1033 111 32 shared
589 1033 31 31 in
644 1033 41 41 by
702 1033 162 31 Monsieur
879 1032 104 31 Theo-

150 1096 80 42 phile
244 1109 6 27 ;
282 1096 46 32 for
351 1096 52 32 the
428 1096 159 32 character
610 1095 36 32 of
663 1095 53 32 the
740 1095 156 41 Dowager
919 1105 65 20 was

153 1169 34 20 so
202 1157 68 32 well
287 1157 123 40 known,
424 1157 69 32 that
508 1157 39 32 he
564 1157 193 41 thoroughly
771 1156 141 32 believed
928 1156 56 31 her

153 1219 125 41 capable
304 1219 34 31 of
356 1219 193 42 repudiating
573 1218 53 32 the
654 1218 72 32 debt
751 1218 61 32 and
835 1217 150 43 bringing

154 1291 39 20 an
210 1280 99 31 action
327 1280 119 41 against
470 1280 40 31 all
535 1292 33 19 or
591 1292 61 30 any
668 1280 114 42 parties
799 1280 70 32 who
893 1280 91 32 could

155 1341 37 31 be
227 1340 159 32 convicted
417 1341 34 31 of
484 1341 125 42 leading
641 1354 18 19 a
693 1342 101 31 minor
825 1342 65 32 into
924 1342 60 32 evil

156 1414 131 19 courses.

200 1463 168 41 Discovery
399 1475 71 29 was,
503 1464 162 41 therefore,
699 1470 32 28 to
765 1466 75 32 both
866 1466 118 32 Olivier

158 1524 60 31 and
234 1524 194 40 Mardonnet,
447 1536 17 20 a
481 1526 204 42 contingency
701 1531 56 27 not
772 1532 32 26 to
821 1526 38 33 be
875 1526 109 32 looked
