1079 1710
877 80 51 24 201

331 89 64 20 THE
418 88 113 21 CIRCLE
553 87 161 22 NARROWS.

111 163 39 33 be
181 165 126 42 spoken.
353 166 37 32 In
420 165 52 33 the
502 165 115 43 painful
647 169 189 28 earnestness
865 163 68 32 that

113 225 61 33 had
198 227 142 42 stamped
362 227 87 32 itself
466 239 69 20 now
552 239 82 30 upon
657 238 92 30 every
765 225 115 33 feature
904 224 29 32 of

114 288 135 32 Victor's
270 288 65 32 face
352 289 85 31 there
454 301 63 19 was
539 301 17 19 a
572 293 132 26 warrant
724 287 34 32 of
774 287 47 32 his
842 286 90 32 soul's

114 350 138 41 nobility,
270 350 61 31 and
347 362 18 20 a
380 355 84 27 mute
479 350 147 42 reproach
642 355 31 26 to
689 349 55 31 her
759 348 68 32 who
843 347 90 33 could

113 410 79 32 have
219 410 46 32 for
291 423 57 19 one
372 411 112 31 instant
506 411 151 31 mistaken
681 409 71 32 him.
808 408 125 33 Claire's

114 471 88 31 heart
225 483 85 30 grew
336 472 77 31 calm
441 472 96 30 under
560 471 67 31 that
646 470 79 40 look,
749 469 61 32 and
832 468 101 33 Claire

114 530 62 32 had
211 543 76 20 once
321 543 84 19 more
439 531 93 31 found
564 543 17 19 a
611 530 224 42 resting-place.
893 529 43 32 Of

114 593 135 31 Victor's
270 593 69 30 love
355 592 59 31 and
435 592 83 31 truth
535 592 59 31 and
610 591 178 32 Avorthiness
804 591 52 31 she
872 590 61 32 had

114 663 39 21 no
175 652 63 32 fear
261 664 69 20 now
341 666 6 26 ;
382 652 52 32 the
457 664 71 19 man
550 651 102 32 whose
676 663 71 30 eyes
769 651 102 32 rested
893 662 39 20 on

114 712 70 32 hers
196 713 73 31 then
286 712 60 32 had
361 712 90 32 loved
465 724 79 20 none
557 712 87 32 other
657 724 33 20 as
702 712 39 32 he
756 711 90 33 loved
861 711 54 32 her
925 724 6 27 ;

113 772 60 32 and
193 772 141 32 betAveen
357 772 63 32 him
440 772 60 32 and
519 772 55 32 her
594 772 86 32 there
696 784 68 20 rose
779 784 39 20 no
838 772 94 32 lesser

111 845 147 30 memory.
317 834 97 32 What
440 833 27 32 if
493 834 140 31 sorrow's
661 833 94 32 shade
785 833 50 41 lay
860 844 73 20 over

111 894 85 32 them
216 894 76 32 both
304 896 14 30 ?
348 894 74 41 they
437 894 62 31 had
518 898 55 27 not
588 894 90 31 loved
695 898 31 27 to
741 894 37 31 be
794 894 137 41 happier,

110 955 57 32 but
189 960 32 27 to
240 955 39 32 be
297 954 108 32 nobler
406 974 42 3 —
449 954 79 32 their
546 954 69 32 love
634 965 64 20 was
719 959 54 26 not
790 954 63 41 joy,
876 954 57 31 but

112 1016 147 42 suffering
260 1036 42 2 —
304 1027 18 20 a
341 1015 123 42 passion
487 1015 31 31 in
537 1026 74 31 very
631 1015 85 31 truth
734 1015 60 31 and
813 1015 76 31 deed
890 1033 42 4 —

112 1089 19 20 a
164 1076 411 41 truth-and-duty-worship,
609 1081 106 35 strong
737 1076 59 31 and
818 1076 93 31 brave
923 1089 7 26 ;

112 1138 60 32 and
200 1138 102 32 Claire
326 1137 90 32 knew
442 1137 68 32 that
536 1137 60 31 this
620 1148 63 20 was
710 1148 42 28 so,
782 1136 61 32 and
869 1148 63 20 was

112 1199 178 32 comforted.
337 1199 81 31 That
430 1210 57 20 one
502 1203 76 35 true,
595 1199 161 40 mournful,
775 1199 154 40 steadfast,

111 1261 108 32 tender
251 1260 69 31 look
350 1260 60 31 had
437 1260 95 31 called
554 1260 54 31 her
631 1260 78 31 back
731 1265 31 26 to
785 1260 55 32 her
863 1273 68 19 own

110 1323 110 41 higher
236 1322 65 40 self,
319 1322 60 31 and
395 1321 88 32 made
499 1322 54 31 her
565 1322 46 31 for
627 1334 70 19 ever
712 1322 90 41 proof
813 1323 119 40 against

109 1384 53 32 the
190 1384 71 31 vain
293 1382 100 32 words
423 1383 60 31 and
512 1394 89 20 mean
628 1383 104 31 beliefs
764 1384 33 30 of
822 1384 109 41 ATulgar

109 1445 110 32 minds.
267 1444 81 31 Now
368 1444 55 31 her
443 1444 97 31 whole
565 1444 65 31 soul
652 1444 99 41 might
774 1444 69 31 love
866 1444 65 31 him

109 1518 33 22 as
169 1506 113 39 before,
309 1505 54 40 for,
388 1516 33 20 as
443 1505 111 40 before,
578 1505 39 32 he
640 1505 60 32 had
722 1505 208 40 relinquished
