1079 1710
854 83 33 26 53

264 87 22 20 A
309 86 117 22 SINNER
449 86 60 23 BUT
532 88 42 21 NO
597 88 99 21 SAINT.

143 161 15 31 I
173 162 79 31 need
266 167 55 27 not
337 162 52 33 tell
402 174 59 31 you
477 163 38 32 he
531 163 61 32 had
604 163 78 32 done
699 163 82 32 what
796 174 93 31 many

71 233 18 20 a
104 233 106 31 young
233 234 72 21 man
331 223 31 32 in
387 223 46 33 his
458 224 143 32 situation
624 224 54 32 has
695 224 76 32 clone
786 223 102 33 before

72 281 61 33 him
145 295 7 28 ;
177 283 38 33 he
242 284 62 32 had
328 284 108 43 signed
462 284 68 33 bills
558 285 44 32 for
626 285 53 32 the
703 289 125 28 amount
858 290 32 27 at

72 344 85 32 three
173 345 124 32 months
321 345 81 42 date,
420 346 59 31 and
495 346 89 32 when
598 347 53 31 the
667 347 68 32 date
751 358 86 21 came
853 346 37 32 he

72 404 61 32 had
149 410 54 27 not
218 405 53 33 the
287 406 125 32 shadoAV
428 406 32 32 of
479 418 18 20 a
513 418 138 20 resource
667 407 176 32 Avherewith
859 412 31 26 to

73 470 83 27 meet
177 466 49 32 his
249 472 229 37 engagements.
525 467 168 42 Theophile
710 468 181 31 Mardonnet

75 532 54 36 got
159 527 67 33 that
255 540 114 31 money
398 529 44 31 for
472 528 72 39 him,
576 528 59 32 and
666 528 92 32 saved
785 528 41 32 M.
855 528 36 32 de

77 589 183 32 Beauvoisin
276 589 77 32 from
376 600 104 21 severe
496 600 185 31 annoyance,
698 589 26 31 if
741 593 53 28 not
816 589 75 32 from

153 711 16 31 I
204 711 89 31 knew
324 711 40 31 all
531 711 155 40 observed,
719 711 172 42 tranquilly,

77 772 97 31 Henri
190 772 136 42 Dupont.
463 784 60 30 you
540 772 83 42 quite
640 784 67 20 sure
723 772 68 32 that
807 772 25 31 is
848 772 46 31 all

75 833 69 32 that
159 834 145 31 occurred
320 838 32 27 at
367 834 67 31 that

120 894 109 32 Before
264 894 52 31 the
354 894 76 31 hard
467 894 218 41 interrogative
722 894 69 31 look
828 894 67 31 that

77 956 100 31 Count
202 955 127 41 Dupont
354 955 82 32 fixed
460 967 82 30 upon
565 955 63 40 her,
648 955 90 31 while
761 954 134 42 uttering

76 1018 52 32 the
155 1017 98 32 above
278 1017 108 40 words,
414 1029 19 20 a
461 1017 92 41 slight
579 1017 78 31 flush
679 1017 59 31 and
761 1028 18 20 a
801 1016 94 41 slight

75 1084 113 26 tremor
214 1078 121 32 seemed
366 1083 33 26 to
424 1089 70 30 pass
522 1089 73 20 over
618 1078 83 32 Mile.
729 1077 166 41 Mourjon's

76 1142 65 31 face
166 1141 60 32 and
248 1142 106 41 figure,
377 1141 56 32 but
456 1140 133 43 perhaps
613 1140 23 32 it
660 1140 99 42 might
783 1140 38 32 be
843 1139 52 33 the

76 1202 158 42 flickering
249 1202 91 31 flame
358 1201 34 32 of
410 1201 52 32 the
485 1201 55 32 fire
556 1201 40 42 by
612 1201 100 32 Avhich
728 1201 73 41 they
817 1211 78 22 were

77 1263 115 40 sitting.
239 1264 30 31 It
284 1275 64 20 was
365 1275 33 19 so
415 1262 100 41 slight.

152 1324 51 31 All
214 1326 14 30 ?
273 1324 114 32 echoed
403 1324 131 42 Aspasie
547 1337 5 27 ;
608 1323 41 32 all
659 1325 15 30 ?
696 1323 81 42 why,
795 1322 101 42 surely

75 1386 24 32 it
124 1386 25 32 is
175 1386 129 41 enough.
353 1386 15 31 I
394 1385 96 42 really
508 1385 38 31 do
573 1389 54 27 not
653 1385 92 31 know
760 1384 83 32 Avhat
865 1383 31 32 in

75 1460 76 30 your
166 1448 111 32 station
293 1448 27 32 is
335 1447 148 42 regarded
499 1459 33 19 as
549 1447 147 40 disgrace,
715 1458 33 19 or
764 1445 83 31 what
863 1456 33 20 as

76 1521 18 21 a
110 1509 116 34 service
238 1523 6 26 ;
269 1509 55 32 but
340 1509 24 40 I,
382 1509 31 31 in
436 1520 51 29 my
503 1508 126 32 humble
652 1507 119 42 sphere,
790 1506 106 32 should
