1079 1710
113 74 52 25 110

343 81 83 20 LOVE
450 81 63 20 THE
537 80 160 21 AVENGER.

111 159 69 31 You
338 159 70 42 (and
440 163 31 27 at
501 158 61 31 this
594 162 144 27 entrance
770 169 83 30 upon
883 157 55 31 her

109 221 154 32 narration
286 232 55 20 our
362 219 98 33 friend
484 219 146 42 indulged
651 219 30 31 in
705 230 19 21 a
743 219 45 41 sly
811 219 126 31 twinkle

109 283 30 31 in
163 283 52 31 the
239 294 106 20 corner
361 281 34 32 of
413 282 55 31 her
484 281 158 32 malicious
667 293 80 30 eyes,
774 281 61 32 and
854 292 19 20 a
890 280 47 43 sly

109 344 87 32 smile
219 344 31 31 in
274 346 51 29 the
350 356 107 19 corner
479 343 34 32 of
540 344 54 31 her
620 343 159 32 malicious
803 342 131 41 mouth),

144 418 60 29 you
229 418 49 20 see
302 406 24 31 it
348 406 26 31 is
397 418 94 19 never
514 406 173 41 altogether
710 405 63 32 safe
805 405 129 43 playing

107 467 72 31 with
195 468 62 39 fire,
280 479 57 20 one
357 468 73 31 does
452 467 176 32 sometimes
650 471 47 28 set
718 468 84 31 one's
825 467 110 42 neigh-

106 529 103 31 bour's
228 529 95 32 house
345 529 117 32 a-blaze
486 540 34 20 or
539 529 84 31 one's
647 540 77 21 own.
773 529 15 31 I
810 529 52 32 did
881 540 52 30 my

105 589 69 32 best
195 594 30 27 to
250 589 108 32 detach
381 589 143 32 Madame
551 589 151 33 Claudine
726 589 78 33 from
828 589 43 33 M.
904 589 28 33 le

105 649 146 43 Marquis,
275 650 60 31 and
349 655 32 27 to
405 650 105 32 attach
533 650 55 32 her
606 655 32 27 to
660 651 170 42 somebody
846 650 63 33 else
924 664 6 27 ;

105 712 60 32 and
196 713 14 31 I
241 712 61 32 had
332 725 83 19 some
446 725 109 19 reason
594 718 32 26 to
656 714 88 31 think
778 714 69 31 that
877 725 55 30 my

103 775 124 31 humble
244 775 103 31 efforts
363 775 101 31 would
479 776 38 30 be
537 776 142 31 crowned
696 776 75 31 with
788 788 122 20 success
922 789 6 27 ;

103 837 55 30 but
181 848 17 19 a
220 837 88 30 week
330 848 33 20 or
387 849 18 18 a
424 836 150 42 fortnight
593 849 68 29 ago,
679 849 19 19 a
722 842 104 36 report
842 842 87 37 crept

103 898 112 30 abroad
216 917 43 3 —
261 897 124 32 whence
416 898 23 30 it
466 909 86 21 came
577 898 15 31 I
618 898 80 32 have
727 910 95 20 never
849 899 79 31 been

103 959 65 31 able
193 964 32 26 to
252 959 63 31 find
334 964 52 27 out
388 978 41 4 —
430 959 69 32 that
526 959 41 32 M.
594 959 37 32 de
659 959 121 33 Nesves
804 971 65 21 was
893 971 34 21 so

102 1031 72 21 over
188 1020 79 32 head
284 1020 59 32 and
359 1032 67 20 ears
447 1020 31 31 in
494 1020 68 32 love
583 1020 74 32 with
674 1021 147 32 Madame
848 1021 77 40 that,

100 1081 25 30 if
145 1081 53 31 she
215 1081 93 31 chose
335 1081 37 31 he
390 1081 101 31 would
518 1081 173 42 absolutely
719 1094 103 30 marry
854 1082 55 32 her
921 1084 5 30 !

101 1141 74 31 This
189 1146 103 35 report

142 1203 61 32 But
232 1203 53 31 the
316 1203 154 42 Dowager
501 1203 100 32 would
633 1208 54 27 not
718 1205 92 31 allow
833 1206 88 33 Mile.

99 1264 131 42 Aspasie
246 1269 31 27 to
293 1264 138 42 proceed.
737 1266 54 32 she
808 1267 116 32 echoed

98 1325 72 33 with
198 1326 84 31 what
308 1338 63 19 was
403 1326 40 31 all
468 1327 55 31 but
548 1339 19 19 a
589 1339 120 20 scream
733 1329 34 31 of
788 1335 132 36 rapture.

263 1387 72 32 her!
367 1387 70 42 why
468 1387 68 33 that
568 1389 102 31 would
702 1390 37 32 be
768 1390 111 33 indeed
907 1403 17 20 a

98 1449 133 42 triumph
247 1449 45 31 for
308 1461 36 19 us
352 1450 6 31 !
402 1450 56 40 My
474 1461 76 30 poor
564 1450 129 32 brother
709 1451 102 32 would
828 1452 38 32 be
880 1452 44 32 for

97 1523 71 21 ever
184 1511 101 40 cured,
302 1510 61 32 and
383 1511 53 31 the
453 1511 76 41 duty
545 1511 39 32 he
607 1523 83 21 owes
707 1518 31 27 to
755 1513 48 32 his
820 1513 104 42 family
