1079 1710
147 73 52 25 264

378 78 81 20 LOVE
483 75 64 23 THE
571 73 161 23 AVENGER.

145 169 95 21 never
265 169 84 21 more
377 157 110 42 forgot,
630 164 79 21 even
735 162 17 21 a
776 149 98 44 priest
901 146 76 33 dare

145 224 87 27 enter
247 220 82 32 here.
376 220 15 31 I
409 218 118 33 believe
544 217 31 33 in
591 216 72 34 God
679 212 75 35 with
772 212 40 33 all
827 223 53 30 my
897 209 76 40 soul,

144 281 61 32 and
224 280 80 42 hope
326 281 31 31 in
377 280 48 32 his
448 291 104 31 mercy
567 293 7 27 ;
598 278 56 32 but
675 277 67 31 that
757 276 27 31 is
800 274 31 32 in
848 273 79 44 spite
945 271 32 32 of

143 343 87 31 those
243 343 69 31 who
327 342 116 42 taught
459 354 58 20 me.
564 340 58 41 Oh,
641 339 87 33 there
744 343 60 35 too,
823 348 53 30 my
892 334 80 40 wife,

142 404 84 31 mind
248 416 54 20 our
325 404 80 32 child
409 423 40 4 —
450 404 70 32 take
545 414 69 21 care
627 416 6 27 ;
657 400 92 33 teach
772 400 64 32 him
852 403 32 27 to
901 397 71 32 love

143 465 78 40 God,
239 466 61 31 and
315 470 31 27 to
361 466 92 31 know
469 465 72 41 why
557 464 38 32 he
611 463 144 32 believes.
804 460 96 34 Untie
917 471 55 31 my

142 531 113 36 cravat,
412 527 39 31 he
477 526 108 39 added,
607 525 76 31 Avith
708 536 18 20 a
749 523 74 32 kind
849 521 34 33 of
904 532 68 22 ear-

140 593 140 27 nestness
292 602 6 26 ;
355 588 60 32 and
431 587 70 33 take
517 587 78 32 from
618 598 53 30 my
687 586 79 32 neck
782 597 19 20 a
816 584 109 32 ribbon
927 603 44 3 —

140 659 17 20 a
173 648 76 33 little
271 648 70 33 blue
365 649 106 32 ribbon
483 663 6 26 ;
513 648 85 33 there
622 648 26 32 is
672 660 18 20 a
713 647 110 40 medal,
843 659 18 19 a
878 646 94 32 silver

138 709 100 32 medal
241 730 41 2 —
284 710 92 40 there,
395 722 60 28 you
471 710 78 32 have
566 710 23 32 it

182 770 100 32 Claire
298 771 61 32 had
375 771 140 32 folloAved
530 771 53 32 the
600 771 97 43 dying
718 772 101 31 man's
835 770 134 33 instruc-

136 831 87 41 tions,
242 833 60 30 and
319 832 70 32 held
413 833 30 31 in
465 833 56 32 her
543 833 83 31 hand
646 845 19 19 a
686 833 104 32 medal
807 845 39 19 on
862 832 105 32 Avhich

137 904 62 20 Avas
229 893 52 32 the
311 894 99 41 image
442 894 34 32 of
508 894 53 32 the
592 895 120 40 Virgen
743 895 49 31 del
823 895 83 31 Pilar
938 895 33 31 of

138 954 121 33 Seville.
308 955 61 33 She
392 956 92 31 knew
499 956 23 31 it
537 956 57 31 but
618 961 51 26 too
685 956 68 31 v.Tell
765 969 6 27 ;
796 968 18 19 a
832 956 133 42 Spanish

136 1015 70 42 lady
222 1016 60 32 had
298 1017 93 41 given
407 1018 24 31 it
446 1017 56 32 her
523 1024 31 25 at
576 1018 128 31 Biarritz
722 1018 90 32 when
830 1018 54 33 she
902 1030 65 21 Avas

136 1088 18 20 a
169 1077 90 31 child.

210 1138 55 41 My
290 1139 69 31 God
371 1140 6 31 !
584 1140 53 32 she
663 1140 180 41 exclaimed,
872 1146 91 27 trem-

134 1196 87 42 bling
243 1198 77 31 from
343 1199 78 31 head
438 1205 31 26 to
485 1200 73 40 foot,
580 1200 60 32 and
660 1200 172 43 forgetting
856 1214 107 31 every-

133 1257 88 42 thing
237 1258 30 31 in
282 1258 55 32 her
360 1259 107 32 horror
482 1265 30 27 at
527 1261 85 32 what
635 1262 125 32 seemed
774 1262 61 32 this
854 1263 109 42 fright-

133 1317 44 32 ful
193 1318 200 42 coincidence,
445 1321 25 31 is
486 1321 69 32 that
571 1333 123 22 woman
710 1323 53 32 the
876 1327 14 30 ?
906 1325 57 33 has

134 1379 54 31 she
205 1380 176 31 committed
396 1381 60 31 this
473 1382 92 31 crime
577 1385 14 28 ?

176 1440 51 32 He
245 1441 100 32 stared
362 1446 32 27 at
409 1441 55 33 her
479 1443 46 32 for
541 1455 18 21 a
575 1450 137 28 moment
727 1449 154 42 vacantly,
900 1449 60 32 and

132 1501 81 41 then,
232 1502 73 31 with
321 1514 18 19 a
356 1507 121 37 strange
495 1504 94 34 smile.
