<?xml version="1.0" encoding="UTF-8"?>
<alto xmlns:xsi="http://www.w3.org/2001/XMLSchema-instance" xsi:noNamespaceSchemaLocation="http://www.bl.uk/schemas/alto/alto-1-4.xsd" xmlns:xlink="http://www.w3.org/1999/xlink">
	<Description>
		<MeasurementUnit>mm10</MeasurementUnit>
		<sourceImageInformation>
			<fileName>//head1/IN/2007-46/A0010888503.3/008135.jp2</fileName>
		</sourceImageInformation>
		<OCRProcessing ID="OCRPROCESSING_1">
			<preProcessingStep>
				<processingSoftware>
					<softwareCreator>CCS Content Conversion Specialists GmbH, Germany</softwareCreator>
					<softwareName>CCS docWORKS</softwareName>
					<softwareVersion>6.1-0.62</softwareVersion>
				</processingSoftware>
			</preProcessingStep>
			<ocrProcessingStep>
				<processingSoftware>
					<softwareCreator>ABBYY (BIT Software), Russia</softwareCreator>
					<softwareName>Finereader</softwareName>
				</processingSoftware>
			</ocrProcessingStep>
		</OCRProcessing>
	</Description>
	<Styles>
		<TextStyle ID="TXT_0" FONTSIZE="10" FONTFAMILY="Courier New"/>
		<ParagraphStyle ID="PAR_CENTER" ALIGN="Center"/>
		<ParagraphStyle ID="PAR_LEFT" ALIGN="Left"/>
	</Styles>
	<Layout>
		<Page ID="P153" PHYSICAL_IMG_NR="153" HEIGHT="1710" WIDTH="1079" POSITION="Right" ACCURACY="80.74">
			<TopMargin ID="P153_TM00001" HPOS="0" VPOS="0" WIDTH="1078" HEIGHT="421"/>
			<LeftMargin ID="P153_LM00001" HPOS="0" VPOS="421" WIDTH="104" HEIGHT="1130"/>
			<RightMargin ID="P153_RM00001" HPOS="924" VPOS="421" WIDTH="154" HEIGHT="1130"/>
			<BottomMargin ID="P153_BM00001" HPOS="0" VPOS="1551" WIDTH="1078" HEIGHT="159"/>
			<PrintSpace ID="P153_PS00001" HPOS="104" VPOS="421" WIDTH="821" HEIGHT="1130">
				<TextBlock ID="P153_TB00001" HPOS="378" VPOS="421" WIDTH="275" HEIGHT="32" STYLEREFS="TXT_0 PAR_CENTER">
					<TextLine ID="P153_TL00001" HPOS="379" VPOS="423" WIDTH="274" HEIGHT="30">
						<String ID="P153_ST00001" HPOS="379" VPOS="423" WIDTH="204" HEIGHT="30" CONTENT="CHAPTER" WC="0.62" CC="6606016"/>
						<SP ID="P153_SP00001" HPOS="583" VPOS="453" WIDTH="31"/>
						<String ID="P153_ST00002" HPOS="614" VPOS="423" WIDTH="39" HEIGHT="30" CONTENT="X." WC="0.38" CC="84"/>
					</TextLine>
				</TextBlock>
				<TextBlock ID="P153_TB00002" HPOS="387" VPOS="518" WIDTH="253" HEIGHT="20" STYLEREFS="TXT_0 PAR_CENTER">
					<TextLine ID="P153_TL00002" HPOS="387" VPOS="518" WIDTH="253" HEIGHT="20">
						<String ID="P153_ST00003" HPOS="387" VPOS="518" WIDTH="65" HEIGHT="20" CONTENT="THE" WC="0.75" CC="330"/>
						<SP ID="P153_SP00002" HPOS="452" VPOS="538" WIDTH="24"/>
						<String ID="P153_ST00004" HPOS="476" VPOS="518" WIDTH="164" HEIGHT="20" CONTENT="PROPOSAL." WC="0.66" CC="603605800"/>
					</TextLine>
				</TextBlock>
				<TextBlock ID="P153_TB00003" HPOS="105" VPOS="591" WIDTH="820" HEIGHT="397" STYLEREFS="TXT_0 PAR_LEFT">
					<TextLine ID="P153_TL00003" HPOS="150" VPOS="592" WIDTH="772" HEIGHT="42">
						<String ID="P153_ST00005" HPOS="150" VPOS="592" WIDTH="83" HEIGHT="40" CONTENT="And," WC="0.81" CC="0070"/>
						<SP ID="P153_SP00003" HPOS="233" VPOS="632" WIDTH="27"/>
						<String ID="P153_ST00006" HPOS="260" VPOS="593" WIDTH="30" HEIGHT="30" CONTENT="in" WC="1.00" CC="00"/>
						<SP ID="P153_SP00004" HPOS="290" VPOS="632" WIDTH="25"/>
						<String ID="P153_ST00007" HPOS="315" VPOS="593" WIDTH="115" HEIGHT="41" CONTENT="reality," WC="0.85" CC="10600200"/>
						<SP ID="P153_SP00005" HPOS="430" VPOS="634" WIDTH="27"/>
						<String ID="P153_ST00008" HPOS="457" VPOS="593" WIDTH="82" HEIGHT="31" CONTENT="what" WC="0.81" CC="0700"/>
						<SP ID="P153_SP00006" HPOS="539" VPOS="634" WIDTH="24"/>
						<String ID="P153_ST00009" HPOS="563" VPOS="593" WIDTH="60" HEIGHT="31" CONTENT="had" WC="0.75" CC="700"/>
						<SP ID="P153_SP00007" HPOS="623" VPOS="634" WIDTH="25"/>
						<String ID="P153_ST00010" HPOS="648" VPOS="594" WIDTH="49" HEIGHT="31" CONTENT="led" WC="0.89" CC="300"/>
						<SP ID="P153_SP00008" HPOS="697" VPOS="634" WIDTH="26"/>
						<String ID="P153_ST00011" HPOS="723" VPOS="594" WIDTH="40" HEIGHT="32" CONTENT="M." WC="1.00" CC="00"/>
						<SP ID="P153_SP00009" HPOS="763" VPOS="634" WIDTH="28"/>
						<String ID="P153_ST00012" HPOS="791" VPOS="594" WIDTH="37" HEIGHT="31" CONTENT="de" WC="1.00" CC="00"/>
						<SP ID="P153_SP00010" HPOS="828" VPOS="634" WIDTH="28"/>
						<String ID="P153_ST00013" HPOS="856" VPOS="594" WIDTH="66" HEIGHT="32" CONTENT="Mo" SUBS_TYPE="HypPart1" SUBS_CONTENT="Moranges" WC="0.85" CC="040"/>
						<HYP CONTENT="-"/>
					</TextLine>
					<TextLine ID="P153_TL00004" HPOS="106" VPOS="654" WIDTH="819" HEIGHT="41">
						<String ID="P153_ST00014" HPOS="106" VPOS="665" WIDTH="110" HEIGHT="29" CONTENT="ranges" SUBS_TYPE="HypPart2" SUBS_CONTENT="Moranges" WC="0.68" CC="008009"/>
						<SP ID="P153_SP00011" HPOS="216" VPOS="694" WIDTH="25"/>
						<String ID="P153_ST00015" HPOS="241" VPOS="659" WIDTH="31" HEIGHT="26" CONTENT="to" WC="0.88" CC="02"/>
						<SP ID="P153_SP00012" HPOS="272" VPOS="694" WIDTH="25"/>
						<String ID="P153_ST00016" HPOS="297" VPOS="654" WIDTH="59" HEIGHT="31" CONTENT="this" WC="0.65" CC="0733"/>
						<SP ID="P153_SP00013" HPOS="356" VPOS="694" WIDTH="27"/>
						<String ID="P153_ST00017" HPOS="383" VPOS="654" WIDTH="230" HEIGHT="41" CONTENT="extraordinary" WC="0.86" CC="0002000055040"/>
						<SP ID="P153_SP00014" HPOS="613" VPOS="695" WIDTH="24"/>
						<String ID="P153_ST00018" HPOS="637" VPOS="655" WIDTH="228" HEIGHT="31" CONTENT="determination" WC="0.75" CC="0000443700416"/>
						<SP ID="P153_SP00015" HPOS="865" VPOS="695" WIDTH="29"/>
						<String ID="P153_ST00019" HPOS="894" VPOS="656" WIDTH="31" HEIGHT="31" CONTENT="of" WC="0.52" CC="18"/>
					</TextLine>
					<TextLine ID="P153_TL00005" HPOS="106" VPOS="715" WIDTH="817" HEIGHT="43">
						<String ID="P153_ST00020" HPOS="106" VPOS="715" WIDTH="47" HEIGHT="31" CONTENT="his" WC="0.75" CC="700"/>
						<SP ID="P153_SP00016" HPOS="153" VPOS="746" WIDTH="22"/>
						<String ID="P153_ST00021" HPOS="175" VPOS="719" WIDTH="32" HEIGHT="27" CONTENT="to" WC="0.70" CC="60"/>
						<SP ID="P153_SP00017" HPOS="207" VPOS="746" WIDTH="24"/>
						<String ID="P153_ST00022" HPOS="231" VPOS="727" WIDTH="101" HEIGHT="28" CONTENT="marry" WC="0.77" CC="00550"/>
						<SP ID="P153_SP00018" HPOS="332" VPOS="755" WIDTH="23"/>
						<String ID="P153_ST00023" HPOS="355" VPOS="715" WIDTH="53" HEIGHT="30" CONTENT="the" WC="0.75" CC="070"/>
						<SP ID="P153_SP00019" HPOS="408" VPOS="755" WIDTH="24"/>
						<String ID="P153_ST00024" HPOS="432" VPOS="715" WIDTH="117" HEIGHT="41" CONTENT="Sphinx" WC="0.67" CC="507060"/>
						<SP ID="P153_SP00020" HPOS="549" VPOS="756" WIDTH="12"/>
						<String ID="P153_ST00025" HPOS="561" VPOS="717" WIDTH="14" HEIGHT="30" CONTENT="?" WC="1.00" CC="0"/>
						<SP ID="P153_SP00021" HPOS="575" VPOS="756" WIDTH="44"/>
						<String ID="P153_ST00026" HPOS="619" VPOS="715" WIDTH="27" HEIGHT="31" CONTENT="It" WC="1.00" CC="00"/>
						<SP ID="P153_SP00022" HPOS="646" VPOS="756" WIDTH="21"/>
						<String ID="P153_ST00027" HPOS="667" VPOS="716" WIDTH="101" HEIGHT="31" CONTENT="would" WC="0.60" CC="93600"/>
						<SP ID="P153_SP00023" HPOS="768" VPOS="756" WIDTH="22"/>
						<String ID="P153_ST00028" HPOS="790" VPOS="716" WIDTH="37" HEIGHT="32" CONTENT="be" WC="1.00" CC="00"/>
						<SP ID="P153_SP00024" HPOS="827" VPOS="756" WIDTH="22"/>
						<String ID="P153_ST00029" HPOS="849" VPOS="728" WIDTH="74" HEIGHT="30" CONTENT="very" WC="0.96" CC="0010"/>
					</TextLine>
					<TextLine ID="P153_TL00006" HPOS="107" VPOS="775" WIDTH="816" HEIGHT="42">
						<String ID="P153_ST00030" HPOS="107" VPOS="775" WIDTH="127" HEIGHT="31" CONTENT="difficult" WC="0.82" CC="030002640"/>
						<SP ID="P153_SP00025" HPOS="234" VPOS="806" WIDTH="27"/>
						<String ID="P153_ST00031" HPOS="261" VPOS="780" WIDTH="32" HEIGHT="26" CONTENT="to" WC="1.00" CC="00"/>
						<SP ID="P153_SP00026" HPOS="293" VPOS="806" WIDTH="28"/>
						<String ID="P153_ST00032" HPOS="321" VPOS="787" WIDTH="53" HEIGHT="30" CONTENT="say" WC="1.00" CC="000"/>
						<String ID="P153_ST00033" HPOS="385" VPOS="789" WIDTH="6" HEIGHT="26" CONTENT=";" WC="1.00" CC="0"/>
						<SP ID="P153_SP00027" HPOS="391" VPOS="817" WIDTH="33"/>
						<String ID="P153_ST00034" HPOS="424" VPOS="776" WIDTH="97" HEIGHT="31" CONTENT="men's" WC="0.85" CC="00601"/>
						<SP ID="P153_SP00028" HPOS="521" VPOS="817" WIDTH="26"/>
						<String ID="P153_ST00035" HPOS="547" VPOS="776" WIDTH="153" HEIGHT="31" CONTENT="wilfullest" WC="0.76" CC="0301610045"/>
						<SP ID="P153_SP00029" HPOS="700" VPOS="817" WIDTH="25"/>
						<String ID="P153_ST00036" HPOS="725" VPOS="782" WIDTH="66" HEIGHT="26" CONTENT="acts" WC="0.88" CC="0004"/>
						<SP ID="P153_SP00030" HPOS="791" VPOS="817" WIDTH="22"/>
						<String ID="P153_ST00037" HPOS="813" VPOS="777" WIDTH="110" HEIGHT="32" CONTENT="result" SUBS_TYPE="HypPart1" SUBS_CONTENT="resulting" WC="0.75" CC="0036600"/>
						<HYP CONTENT="-"/>
					</TextLine>
					<TextLine ID="P153_TL00007" HPOS="106" VPOS="836" WIDTH="817" HEIGHT="40">
						<String ID="P153_ST00038" HPOS="106" VPOS="836" WIDTH="53" HEIGHT="40" CONTENT="ing" SUBS_TYPE="HypPart2" SUBS_CONTENT="resulting" WC="0.67" CC="260"/>
						<SP ID="P153_SP00031" HPOS="159" VPOS="876" WIDTH="15"/>
						<String ID="P153_ST00039" HPOS="174" VPOS="836" WIDTH="114" HEIGHT="40" CONTENT="mostly" WC="0.85" CC="035000"/>
						<SP ID="P153_SP00032" HPOS="288" VPOS="876" WIDTH="15"/>
						<String ID="P153_ST00040" HPOS="303" VPOS="836" WIDTH="78" HEIGHT="31" CONTENT="from" WC="0.96" CC="1000"/>
						<SP ID="P153_SP00033" HPOS="381" VPOS="876" WIDTH="16"/>
						<String ID="P153_ST00041" HPOS="397" VPOS="847" WIDTH="18" HEIGHT="20" CONTENT="a" WC="1.00" CC="0"/>
						<SP ID="P153_SP00034" HPOS="415" VPOS="876" WIDTH="15"/>
						<String ID="P153_ST00042" HPOS="430" VPOS="836" WIDTH="205" HEIGHT="31" CONTENT="combination" WC="0.78" CC="00006600406"/>
						<SP ID="P153_SP00035" HPOS="635" VPOS="876" WIDTH="16"/>
						<String ID="P153_ST00043" HPOS="651" VPOS="837" WIDTH="34" HEIGHT="31" CONTENT="of" WC="0.77" CC="31"/>
						<SP ID="P153_SP00036" HPOS="685" VPOS="876" WIDTH="11"/>
						<String ID="P153_ST00044" HPOS="696" VPOS="837" WIDTH="120" HEIGHT="31" CONTENT="various" WC="0.75" CC="0066120"/>
						<SP ID="P153_SP00037" HPOS="816" VPOS="876" WIDTH="18"/>
						<String ID="P153_ST00045" HPOS="834" VPOS="837" WIDTH="74" HEIGHT="31" CONTENT="smal" WC="0.69" CC="5600"/>
						<SP ID="P153_SP00038" HPOS="908" VPOS="876" WIDTH="8"/>
						<String ID="P153_ST00046" HPOS="916" VPOS="837" WIDTH="7" HEIGHT="31" CONTENT="1" WC="1.00" CC="0"/>
					</TextLine>
					<TextLine ID="P153_TL00008" HPOS="106" VPOS="896" WIDTH="817" HEIGHT="42">
						<String ID="P153_ST00047" HPOS="106" VPOS="908" WIDTH="116" HEIGHT="28" CONTENT="causes," WC="0.69" CC="0064053"/>
						<SP ID="P153_SP00039" HPOS="222" VPOS="936" WIDTH="30"/>
						<String ID="P153_ST00048" HPOS="252" VPOS="897" WIDTH="60" HEIGHT="30" CONTENT="and" WC="0.76" CC="070"/>
						<SP ID="P153_SP00040" HPOS="312" VPOS="936" WIDTH="31"/>
						<String ID="P153_ST00049" HPOS="343" VPOS="896" WIDTH="116" HEIGHT="32" CONTENT="seldom" WC="0.92" CC="200020"/>
						<SP ID="P153_SP00041" HPOS="459" VPOS="936" WIDTH="29"/>
						<String ID="P153_ST00050" HPOS="488" VPOS="896" WIDTH="78" HEIGHT="32" CONTENT="from" WC="0.97" CC="0010"/>
						<SP ID="P153_SP00042" HPOS="566" VPOS="936" WIDTH="27"/>
						<String ID="P153_ST00051" HPOS="593" VPOS="909" WIDTH="59" HEIGHT="29" CONTENT="any" WC="0.75" CC="070"/>
						<SP ID="P153_SP00043" HPOS="652" VPOS="938" WIDTH="25"/>
						<String ID="P153_ST00052" HPOS="677" VPOS="909" WIDTH="56" HEIGHT="19" CONTENT="one" WC="0.81" CC="050"/>
						<SP ID="P153_SP00044" HPOS="733" VPOS="938" WIDTH="27"/>
						<String ID="P153_ST00053" HPOS="760" VPOS="898" WIDTH="163" HEIGHT="40" CONTENT="important" WC="0.78" CC="300007053"/>
					</TextLine>
					<TextLine ID="P153_TL00009" HPOS="106" VPOS="958" WIDTH="124" HEIGHT="30">
						<String ID="P153_ST00054" HPOS="106" VPOS="958" WIDTH="124" HEIGHT="30" CONTENT="motive." WC="0.91" CC="0006000"/>
					</TextLine>
				</TextBlock>
				<TextBlock ID="P153_TB00004" HPOS="104" VPOS="1018" WIDTH="821" HEIGHT="533" STYLEREFS="TXT_0 PAR_LEFT">
					<TextLine ID="P153_TL00010" HPOS="150" VPOS="1019" WIDTH="775" HEIGHT="41">
						<String ID="P153_ST00055" HPOS="150" VPOS="1019" WIDTH="43" HEIGHT="32" CONTENT="M." WC="1.00" CC="00"/>
						<SP ID="P153_SP00045" HPOS="193" VPOS="1051" WIDTH="18"/>
						<String ID="P153_ST00056" HPOS="211" VPOS="1019" WIDTH="37" HEIGHT="31" CONTENT="de" WC="1.00" CC="00"/>
						<SP ID="P153_SP00046" HPOS="248" VPOS="1051" WIDTH="17"/>
						<String ID="P153_ST00057" HPOS="265" VPOS="1019" WIDTH="164" HEIGHT="41" CONTENT="Moranges" WC="0.73" CC="70607000"/>
						<SP ID="P153_SP00047" HPOS="429" VPOS="1060" WIDTH="15"/>
						<String ID="P153_ST00058" HPOS="444" VPOS="1030" WIDTH="71" HEIGHT="28" CONTENT="was," WC="0.89" CC="0040"/>
						<SP ID="P153_SP00048" HPOS="515" VPOS="1060" WIDTH="23"/>
						<String ID="P153_ST00059" HPOS="538" VPOS="1030" WIDTH="33" HEIGHT="20" CONTENT="as" WC="0.95" CC="01"/>
						<SP ID="P153_SP00049" HPOS="571" VPOS="1060" WIDTH="21"/>
						<String ID="P153_ST00060" HPOS="592" VPOS="1019" WIDTH="51" HEIGHT="31" CONTENT="the" WC="0.75" CC="070"/>
						<SP ID="P153_SP00050" HPOS="643" VPOS="1060" WIDTH="21"/>
						<String ID="P153_ST00061" HPOS="664" VPOS="1019" WIDTH="107" HEIGHT="31" CONTENT="reader" WC="0.80" CC="600005"/>
						<SP ID="P153_SP00051" HPOS="771" VPOS="1060" WIDTH="20"/>
						<String ID="P153_ST00062" HPOS="791" VPOS="1019" WIDTH="134" HEIGHT="41" CONTENT="scarcely" WC="0.81" CC="20550100"/>
					</TextLine>
					<TextLine ID="P153_TL00011" HPOS="106" VPOS="1080" WIDTH="816" HEIGHT="42">
						<String ID="P153_ST00063" HPOS="106" VPOS="1080" WIDTH="137" HEIGHT="42" CONTENT="requires" WC="0.81" CC="70070000"/>
						<SP ID="P153_SP00052" HPOS="243" VPOS="1122" WIDTH="23"/>
						<String ID="P153_ST00064" HPOS="266" VPOS="1085" WIDTH="31" HEIGHT="26" CONTENT="to" WC="0.80" CC="40"/>
						<SP ID="P153_SP00053" HPOS="297" VPOS="1122" WIDTH="24"/>
						<String ID="P153_ST00065" HPOS="321" VPOS="1080" WIDTH="38" HEIGHT="31" CONTENT="be" WC="0.77" CC="40"/>
						<SP ID="P153_SP00054" HPOS="359" VPOS="1122" WIDTH="23"/>
						<String ID="P153_ST00066" HPOS="382" VPOS="1080" WIDTH="72" HEIGHT="40" CONTENT="told," WC="0.84" CC="05200"/>
						<SP ID="P153_SP00055" HPOS="454" VPOS="1122" WIDTH="23"/>
						<String ID="P153_ST00067" HPOS="477" VPOS="1091" WIDTH="18" HEIGHT="20" CONTENT="a" WC="1.00" CC="0"/>
						<SP ID="P153_SP00056" HPOS="495" VPOS="1122" WIDTH="19"/>
						<String ID="P153_ST00068" HPOS="514" VPOS="1080" WIDTH="184" HEIGHT="41" CONTENT="thoroughly" WC="0.73" CC="0705060700"/>
						<SP ID="P153_SP00057" HPOS="698" VPOS="1122" WIDTH="20"/>
						<String ID="P153_ST00069" HPOS="718" VPOS="1080" WIDTH="101" HEIGHT="32" CONTENT="selfish" WC="0.80" CC="3000017"/>
						<SP ID="P153_SP00058" HPOS="819" VPOS="1122" WIDTH="23"/>
						<String ID="P153_ST00070" HPOS="842" VPOS="1092" WIDTH="80" HEIGHT="27" CONTENT="man," WC="0.82" CC="0070"/>
					</TextLine>
					<TextLine ID="P153_TL00012" HPOS="105" VPOS="1141" WIDTH="819" HEIGHT="43">
						<String ID="P153_ST00071" HPOS="105" VPOS="1143" WIDTH="68" HEIGHT="31" CONTENT="that" WC="0.81" CC="0700"/>
						<SP ID="P153_SP00059" HPOS="173" VPOS="1174" WIDTH="23"/>
						<String ID="P153_ST00072" HPOS="196" VPOS="1147" WIDTH="80" HEIGHT="27" CONTENT="term" WC="0.77" CC="6020"/>
						<SP ID="P153_SP00060" HPOS="276" VPOS="1174" WIDTH="22"/>
						<String ID="P153_ST00073" HPOS="298" VPOS="1146" WIDTH="54" HEIGHT="28" CONTENT="not" WC="0.78" CC="600"/>
						<SP ID="P153_SP00061" HPOS="352" VPOS="1174" WIDTH="23"/>
						<String ID="P153_ST00074" HPOS="375" VPOS="1141" WIDTH="93" HEIGHT="42" CONTENT="being" WC="0.88" CC="00050"/>
						<SP ID="P153_SP00062" HPOS="468" VPOS="1183" WIDTH="21"/>
						<String ID="P153_ST00075" HPOS="489" VPOS="1146" WIDTH="104" HEIGHT="28" CONTENT="meant" WC="0.66" CC="80052"/>
						<SP ID="P153_SP00063" HPOS="593" VPOS="1183" WIDTH="19"/>
						<String ID="P153_ST00076" HPOS="612" VPOS="1146" WIDTH="32" HEIGHT="27" CONTENT="to" WC="0.93" CC="01"/>
						<SP ID="P153_SP00064" HPOS="644" VPOS="1183" WIDTH="24"/>
						<String ID="P153_ST00077" HPOS="668" VPOS="1141" WIDTH="95" HEIGHT="42" CONTENT="imply" WC="0.79" CC="30060"/>
						<SP ID="P153_SP00065" HPOS="763" VPOS="1183" WIDTH="16"/>
						<String ID="P153_ST00078" HPOS="779" VPOS="1153" WIDTH="61" HEIGHT="30" CONTENT="any" WC="0.76" CC="070"/>
						<SP ID="P153_SP00066" HPOS="840" VPOS="1183" WIDTH="16"/>
						<String ID="P153_ST00079" HPOS="856" VPOS="1154" WIDTH="68" HEIGHT="30" CONTENT="par" SUBS_TYPE="HypPart1" SUBS_CONTENT="particular" WC="0.64" CC="0562"/>
						<HYP CONTENT="-"/>
					</TextLine>
					<TextLine ID="P153_TL00013" HPOS="106" VPOS="1202" WIDTH="818" HEIGHT="43">
						<String ID="P153_ST00080" HPOS="106" VPOS="1204" WIDTH="108" HEIGHT="31" CONTENT="ticular" SUBS_TYPE="HypPart2" SUBS_CONTENT="particular" WC="0.74" CC="0005506"/>
						<SP ID="P153_SP00067" HPOS="214" VPOS="1235" WIDTH="17"/>
						<String ID="P153_ST00081" HPOS="231" VPOS="1204" WIDTH="108" HEIGHT="40" CONTENT="degree" WC="0.89" CC="000600"/>
						<SP ID="P153_SP00068" HPOS="339" VPOS="1244" WIDTH="26"/>
						<String ID="P153_ST00082" HPOS="365" VPOS="1202" WIDTH="33" HEIGHT="32" CONTENT="of" WC="0.86" CC="20"/>
						<SP ID="P153_SP00069" HPOS="398" VPOS="1244" WIDTH="18"/>
						<String ID="P153_ST00083" HPOS="416" VPOS="1202" WIDTH="197" HEIGHT="40" CONTENT="wickedness," WC="0.87" CC="00000060250"/>
						<SP ID="P153_SP00070" HPOS="613" VPOS="1244" WIDTH="25"/>
						<String ID="P153_ST00084" HPOS="638" VPOS="1203" WIDTH="54" HEIGHT="31" CONTENT="but" WC="0.59" CC="470"/>
						<SP ID="P153_SP00071" HPOS="692" VPOS="1244" WIDTH="24"/>
						<String ID="P153_ST00085" HPOS="716" VPOS="1203" WIDTH="109" HEIGHT="42" CONTENT="simply" WC="0.85" CC="310030"/>
						<SP ID="P153_SP00072" HPOS="825" VPOS="1245" WIDTH="17"/>
						<String ID="P153_ST00086" HPOS="842" VPOS="1203" WIDTH="82" HEIGHT="32" CONTENT="Avhat" WC="0.84" CC="00700"/>
					</TextLine>
					<TextLine ID="P153_TL00014" HPOS="106" VPOS="1264" WIDTH="817" HEIGHT="42">
						<String ID="P153_ST00087" HPOS="106" VPOS="1266" WIDTH="25" HEIGHT="31" CONTENT="it" WC="0.54" CC="26"/>
						<SP ID="P153_SP00073" HPOS="131" VPOS="1297" WIDTH="16"/>
						<String ID="P153_ST00088" HPOS="147" VPOS="1270" WIDTH="103" HEIGHT="35" CONTENT="states," WC="0.79" CC="4700020"/>
						<SP ID="P153_SP00074" HPOS="250" VPOS="1305" WIDTH="18"/>
						<String ID="P153_ST00089" HPOS="268" VPOS="1265" WIDTH="130" HEIGHT="41" CONTENT="namely," WC="0.86" CC="4000301"/>
						<SP ID="P153_SP00075" HPOS="398" VPOS="1306" WIDTH="17"/>
						<String ID="P153_ST00090" HPOS="415" VPOS="1264" WIDTH="52" HEIGHT="32" CONTENT="the" WC="0.65" CC="370"/>
						<SP ID="P153_SP00076" HPOS="467" VPOS="1306" WIDTH="16"/>
						<String ID="P153_ST00091" HPOS="483" VPOS="1264" WIDTH="87" HEIGHT="32" CONTENT="habit" WC="0.80" CC="70010"/>
						<SP ID="P153_SP00077" HPOS="570" VPOS="1306" WIDTH="21"/>
						<String ID="P153_ST00092" HPOS="591" VPOS="1264" WIDTH="34" HEIGHT="31" CONTENT="of" WC="0.81" CC="30"/>
						<SP ID="P153_SP00078" HPOS="625" VPOS="1306" WIDTH="16"/>
						<String ID="P153_ST00093" HPOS="641" VPOS="1264" WIDTH="144" HEIGHT="42" CONTENT="thinking" WC="0.81" CC="07000160"/>
						<SP ID="P153_SP00079" HPOS="785" VPOS="1306" WIDTH="22"/>
						<String ID="P153_ST00094" HPOS="807" VPOS="1264" WIDTH="33" HEIGHT="31" CONTENT="of" WC="0.91" CC="10"/>
						<SP ID="P153_SP00080" HPOS="840" VPOS="1306" WIDTH="20"/>
						<String ID="P153_ST00095" HPOS="860" VPOS="1264" WIDTH="63" HEIGHT="31" CONTENT="self." WC="0.79" CC="30141"/>
					</TextLine>
					<TextLine ID="P153_TL00015" HPOS="106" VPOS="1325" WIDTH="818" HEIGHT="42">
						<String ID="P153_ST00096" HPOS="106" VPOS="1328" WIDTH="41" HEIGHT="31" CONTENT="M." WC="1.00" CC="00"/>
						<SP ID="P153_SP00081" HPOS="147" VPOS="1359" WIDTH="31"/>
						<String ID="P153_ST00097" HPOS="178" VPOS="1327" WIDTH="36" HEIGHT="31" CONTENT="de" WC="1.00" CC="00"/>
						<SP ID="P153_SP00082" HPOS="214" VPOS="1359" WIDTH="30"/>
						<String ID="P153_ST00098" HPOS="244" VPOS="1327" WIDTH="174" HEIGHT="40" CONTENT="Moranges'" WC="0.85" CC="033000060"/>
						<SP ID="P153_SP00083" HPOS="418" VPOS="1367" WIDTH="26"/>
						<String ID="P153_ST00099" HPOS="444" VPOS="1326" WIDTH="99" HEIGHT="31" CONTENT="whole" WC="0.85" CC="07000"/>
						<SP ID="P153_SP00084" HPOS="543" VPOS="1367" WIDTH="30"/>
						<String ID="P153_ST00100" HPOS="573" VPOS="1325" WIDTH="50" HEIGHT="32" CONTENT="life" WC="0.81" CC="3400"/>
						<SP ID="P153_SP00085" HPOS="623" VPOS="1367" WIDTH="30"/>
						<String ID="P153_ST00101" HPOS="653" VPOS="1326" WIDTH="60" HEIGHT="31" CONTENT="had" WC="0.76" CC="700"/>
						<SP ID="P153_SP00086" HPOS="713" VPOS="1367" WIDTH="27"/>
						<String ID="P153_ST00102" HPOS="740" VPOS="1326" WIDTH="78" HEIGHT="31" CONTENT="been" WC="0.83" CC="0006"/>
						<SP ID="P153_SP00087" HPOS="818" VPOS="1367" WIDTH="27"/>
						<String ID="P153_ST00103" HPOS="845" VPOS="1325" WIDTH="79" HEIGHT="31" CONTENT="lived" WC="0.56" CC="04709"/>
					</TextLine>
					<TextLine ID="P153_TL00016" HPOS="106" VPOS="1386" WIDTH="819" HEIGHT="41">
						<String ID="P153_ST00104" HPOS="106" VPOS="1389" WIDTH="73" HEIGHT="31" CONTENT="with" WC="0.75" CC="0207"/>
						<SP ID="P153_SP00088" HPOS="179" VPOS="1420" WIDTH="17"/>
						<String ID="P153_ST00105" HPOS="196" VPOS="1400" WIDTH="19" HEIGHT="20" CONTENT="a" WC="1.00" CC="0"/>
						<SP ID="P153_SP00089" HPOS="215" VPOS="1420" WIDTH="15"/>
						<String ID="P153_ST00106" HPOS="230" VPOS="1389" WIDTH="80" HEIGHT="31" CONTENT="view" WC="0.80" CC="6100"/>
						<SP ID="P153_SP00090" HPOS="310" VPOS="1420" WIDTH="15"/>
						<String ID="P153_ST00107" HPOS="325" VPOS="1393" WIDTH="32" HEIGHT="26" CONTENT="to" WC="0.81" CC="30"/>
						<SP ID="P153_SP00091" HPOS="357" VPOS="1420" WIDTH="15"/>
						<String ID="P153_ST00108" HPOS="372" VPOS="1387" WIDTH="126" HEIGHT="32" CONTENT="himself" WC="0.65" CC="7405060"/>
						<SP ID="P153_SP00092" HPOS="498" VPOS="1420" WIDTH="20"/>
						<String ID="P153_ST00109" HPOS="518" VPOS="1387" WIDTH="95" HEIGHT="40" CONTENT="alone," WC="0.61" CC="653601"/>
						<SP ID="P153_SP00093" HPOS="613" VPOS="1427" WIDTH="23"/>
						<String ID="P153_ST00110" HPOS="636" VPOS="1387" WIDTH="61" HEIGHT="31" CONTENT="and" WC="0.78" CC="060"/>
						<SP ID="P153_SP00094" HPOS="697" VPOS="1427" WIDTH="24"/>
						<String ID="P153_ST00111" HPOS="721" VPOS="1386" WIDTH="151" HEIGHT="32" CONTENT="exclusive" WC="0.90" CC="002050100"/>
						<SP ID="P153_SP00095" HPOS="872" VPOS="1427" WIDTH="25"/>
						<String ID="P153_ST00112" HPOS="897" VPOS="1387" WIDTH="28" HEIGHT="30" CONTENT="of" WC="0.47" CC="37"/>
					</TextLine>
					<TextLine ID="P153_TL00017" HPOS="106" VPOS="1448" WIDTH="819" HEIGHT="42">
						<String ID="P153_ST00113" HPOS="106" VPOS="1450" WIDTH="53" HEIGHT="33" CONTENT="the" WC="0.58" CC="470"/>
						<SP ID="P153_SP00096" HPOS="159" VPOS="1483" WIDTH="21"/>
						<String ID="P153_ST00114" HPOS="180" VPOS="1450" WIDTH="152" HEIGHT="39" CONTENT="interests," WC="0.76" CC="3300603042"/>
						<SP ID="P153_SP00097" HPOS="332" VPOS="1489" WIDTH="18"/>
						<String ID="P153_ST00115" HPOS="350" VPOS="1461" WIDTH="34" HEIGHT="20" CONTENT="or" WC="0.63" CC="34"/>
						<SP ID="P153_SP00098" HPOS="384" VPOS="1489" WIDTH="15"/>
						<String ID="P153_ST00116" HPOS="399" VPOS="1449" WIDTH="146" HEIGHT="41" CONTENT="opinions," WC="0.76" CC="003640140"/>
						<SP ID="P153_SP00099" HPOS="545" VPOS="1490" WIDTH="19"/>
						<String ID="P153_ST00117" HPOS="564" VPOS="1460" WIDTH="33" HEIGHT="19" CONTENT="or" WC="0.66" CC="24"/>
						<SP ID="P153_SP00100" HPOS="597" VPOS="1490" WIDTH="15"/>
						<String ID="P153_ST00118" HPOS="612" VPOS="1448" WIDTH="164" HEIGHT="41" CONTENT="pleasures," WC="0.76" CC="0506260003"/>
						<SP ID="P153_SP00101" HPOS="776" VPOS="1490" WIDTH="19"/>
						<String ID="P153_ST00119" HPOS="795" VPOS="1460" WIDTH="32" HEIGHT="18" CONTENT="or" WC="0.99" CC="00"/>
						<SP ID="P153_SP00102" HPOS="827" VPOS="1490" WIDTH="17"/>
						<String ID="P153_ST00120" HPOS="844" VPOS="1459" WIDTH="81" HEIGHT="19" CONTENT="com" SUBS_TYPE="HypPart1" SUBS_CONTENT="comforts" WC="1.00" CC="0000"/>
						<HYP CONTENT="-"/>
					</TextLine>
					<TextLine ID="P153_TL00018" HPOS="106" VPOS="1508" WIDTH="819" HEIGHT="43">
						<String ID="P153_ST00121" HPOS="106" VPOS="1512" WIDTH="75" HEIGHT="32" CONTENT="forts" SUBS_TYPE="HypPart2" SUBS_CONTENT="comforts" WC="0.76" CC="20701"/>
						<SP ID="P153_SP00103" HPOS="181" VPOS="1544" WIDTH="18"/>
						<String ID="P153_ST00122" HPOS="199" VPOS="1512" WIDTH="34" HEIGHT="32" CONTENT="of" WC="1.00" CC="00"/>
						<SP ID="P153_SP00104" HPOS="233" VPOS="1544" WIDTH="15"/>
						<String ID="P153_ST00123" HPOS="248" VPOS="1511" WIDTH="88" HEIGHT="33" CONTENT="other" WC="0.83" CC="00700"/>
						<SP ID="P153_SP00105" HPOS="336" VPOS="1544" WIDTH="22"/>
						<String ID="P153_ST00124" HPOS="358" VPOS="1511" WIDTH="118" HEIGHT="40" CONTENT="people." WC="1.00" CC="0000000"/>
						<SP ID="P153_SP00106" HPOS="476" VPOS="1551" WIDTH="47"/>
						<String ID="P153_ST00125" HPOS="523" VPOS="1510" WIDTH="50" HEIGHT="31" CONTENT="He" WC="0.65" CC="70"/>
						<SP ID="P153_SP00107" HPOS="573" VPOS="1551" WIDTH="24"/>
						<String ID="P153_ST00126" HPOS="597" VPOS="1510" WIDTH="50" HEIGHT="31" CONTENT="did" WC="0.98" CC="000"/>
						<SP ID="P153_SP00108" HPOS="647" VPOS="1551" WIDTH="22"/>
						<String ID="P153_ST00127" HPOS="669" VPOS="1514" WIDTH="52" HEIGHT="26" CONTENT="not" WC="0.62" CC="703"/>
						<SP ID="P153_SP00109" HPOS="721" VPOS="1551" WIDTH="23"/>
						<String ID="P153_ST00128" HPOS="744" VPOS="1509" WIDTH="71" HEIGHT="31" CONTENT="take" WC="1.00" CC="0000"/>
						<SP ID="P153_SP00110" HPOS="815" VPOS="1551" WIDTH="26"/>
						<String ID="P153_ST00129" HPOS="841" VPOS="1508" WIDTH="84" HEIGHT="31" CONTENT="other" WC="0.72" CC="00760"/>
					</TextLine>
				</TextBlock>
			</PrintSpace>
		</Page>
	</Layout>
</alto>
