1079 1710
365 92 70 21 TWO
459 93 38 20 TO
520 93 63 20 THE
607 93 125 20 RESCUE.

903 88 52 26 139

137 167 79 32 from
238 168 140 32 absolute
395 169 59 31 evil
478 169 181 40 sometimes,
677 169 55 31 but
747 169 106 40 active,
872 181 84 19 ener-

137 228 79 41 getic
238 230 82 41 good
321 250 41 2 —
363 242 101 20 never.
511 231 58 40 No,
596 243 52 29 my
668 230 71 32 dear
761 230 93 40 niece,
879 241 77 20 even

136 301 63 30 you
215 302 50 20 are
282 296 61 35 not,
367 296 31 26 at
414 292 60 30 this
490 297 145 35 moment,
653 292 102 41 acting
771 304 39 29 up
826 296 31 27 to
874 291 82 31 Avhat

136 362 62 30 you
214 352 110 41 regard
337 364 33 19 as
385 364 76 30 your
476 353 161 41 principles
652 366 5 27 ;
681 365 60 29 you
757 365 50 19 are
825 353 131 41 obeying

137 414 52 31 the
221 420 169 27 narrowest
421 416 60 31 and
511 421 80 26 most
625 416 177 41 hackneyed
825 416 34 31 of
891 427 65 30 pre-

332 476 111 42 (Claire
460 475 133 42 started.)
672 476 63 32 Yes
749 490 6 26 ;
783 476 59 31 and
866 476 90 42 obey-

137 536 53 40 ing
215 536 24 30 it
263 536 130 31 because
409 536 24 31 it
459 536 25 31 is
506 536 52 32 the
585 541 81 27 most
688 537 187 40 hackneyed,
896 536 60 31 and

137 596 69 31 that
221 608 61 29 you
295 597 78 31 have
390 597 78 31 been
480 597 76 31 born
572 597 59 30 and
647 597 60 31 will
724 597 46 31 die
786 597 105 30 within
904 597 51 31 the

138 658 161 41 perpetual
315 658 127 40 hearing
464 658 34 31 of
519 658 32 31 it.
597 659 30 30 It
641 658 25 31 is
682 663 53 26 not
751 659 128 30 because
895 669 61 29 you

138 719 89 32 think
250 719 15 30 I
282 719 39 30 do
336 730 108 29 wrong
466 719 31 30 in
519 719 155 41 marrying
696 730 17 20 a
734 719 89 30 sinful
845 730 110 29 person

139 780 115 41 (whose
272 779 54 40 sin,
345 780 88 30 mark
445 791 69 29 you,
532 779 26 31 if
578 780 14 30 I
608 780 73 31 took
696 791 41 29 up
753 791 76 29 your
845 779 62 31 side
927 778 33 31 of

136 840 53 32 the
207 845 172 35 argument,
397 840 15 30 I
437 840 108 31 should
569 852 54 29 say
639 841 15 30 I
670 840 87 31 alone
778 839 176 41 provoked),

137 902 22 31 it
177 902 25 31 is
227 906 55 27 not
298 902 46 31 for
366 901 77 39 that,
460 913 53 30 my
530 902 72 31 dear
626 901 89 39 child,
732 900 25 32 it
779 901 24 30 is
827 901 129 30 because

136 963 69 32 that
221 962 89 32 sinful
326 973 111 30 person
452 962 25 31 is
492 967 55 26 not
563 962 33 31 of
608 973 17 20 a
642 962 152 31 condition
810 962 30 30 in
856 961 100 31 Avhich

136 1025 15 31 I
165 1024 96 41 ought
276 1029 33 26 to
326 1023 111 32 choose
452 1035 18 19 a
486 1023 77 32 AA'ife.
611 1023 85 31 Look
713 1023 115 31 around
843 1034 68 29 you,
924 1027 32 26 at

135 1085 53 32 the
221 1096 120 20 women
371 1084 175 42 everybody
575 1084 142 39 receives,
750 1084 59 31 and
840 1088 31 26 at
906 1083 49 31 the

135 1146 141 32 scandals
315 1145 174 42 everybody
527 1144 115 42 forgets
657 1158 5 19 :
701 1156 69 30 nay,
806 1144 45 31 for
888 1144 68 31 that

134 1212 121 35 matter,
273 1207 74 31 look
363 1207 81 31 close
457 1211 31 27 at
504 1206 98 40 home,
621 1211 31 27 at
668 1205 67 32 that
751 1216 119 21 woman
886 1205 69 31 who

134 1281 56 20 ran
207 1281 91 30 away
313 1268 73 32 with
396 1281 76 29 poor
487 1269 150 38 Lancour,
655 1279 77 30 your
747 1278 68 21 own
832 1266 104 33 cousin
948 1280 6 26 ;

134 1331 15 31 I
166 1342 65 20 was
249 1331 66 31 told
329 1330 163 42 yesterday
502 1329 67 32 that
579 1328 160 32 Mottefort
754 1328 60 31 had
824 1327 132 41 actually

133 1392 96 32 taken
254 1392 55 31 her
328 1391 79 31 back
419 1404 6 27 ;
448 1390 104 32 before
575 1402 18 19 a
618 1401 73 31 year
713 1389 26 32 is
757 1393 61 35 out,
844 1388 14 31 I
880 1387 76 32 shall

132 1453 77 32 hear
239 1464 61 30 you
332 1452 40 31 all
409 1451 112 41 calling
551 1450 55 32 her
635 1462 75 30 poor
740 1449 144 31 Madame
917 1448 37 31 de

132 1514 175 38 Mottefort,
326 1513 61 31 and
403 1512 186 40 celebrating
604 1512 54 30 her
669 1510 154 32 Christian
833 1514 122 37 repent-
