1079 1710
150 82 52 25 280

379 87 82 21 LOVE
484 86 64 22 THE
571 84 163 23 AVENGER.

149 162 121 43 writing
282 177 7 27 ;
314 163 40 32 all
370 163 87 32 these
474 161 123 33 various
613 172 111 32 papers
752 160 39 31 he
807 158 77 33 then
907 169 73 20 con-

149 226 108 42 signed
272 226 31 32 in
320 237 17 21 a
361 226 113 32 bundle
497 231 33 26 to
553 224 52 32 the
630 224 116 40 flames,
765 222 61 32 and
842 221 75 33 took
933 221 47 32 his

148 287 86 33 leave
262 287 34 33 of
314 287 41 33 M.
385 286 178 43 Theophile,
592 284 159 43 lightened
779 283 36 32 of
834 283 52 32 the
915 282 64 33 sole

148 349 131 32 burthen
304 349 39 32 he
366 348 133 43 thought
525 348 38 32 he
596 347 111 32 should
739 358 73 20 ever
838 345 80 32 have
946 350 32 27 to

146 412 73 31 bear
234 413 31 30 in
281 412 58 31 life.

189 474 82 32 That
295 486 83 19 same
404 474 133 40 evening
563 472 54 32 the
644 471 103 43 lovely
773 471 140 41 Camille,
942 482 35 20 as

146 547 62 20 was
224 535 54 32 her
294 540 90 34 AA'ont,
403 547 86 19 came
514 534 33 31 in
575 534 55 31 her
650 533 168 32 husband's
843 532 134 32 absence

147 597 193 42 (Mardonnet
355 596 114 42 mostly
484 596 112 42 passed
611 596 47 32 his
676 596 149 41 evenings
842 600 32 27 at
890 607 87 21 some

144 658 99 32 minor
266 657 143 43 theatre),
437 657 112 43 prying
574 657 64 32 into
666 657 47 32 his
740 657 145 41 draAvers,
915 657 62 32 and

144 719 138 41 hunting,
315 718 176 40 ferret-like,
524 730 113 30 among
668 718 46 33 his
741 730 121 31 papers.
912 718 63 33 She

144 780 103 40 found,
272 779 131 33 covered
429 780 41 41 by
493 791 19 21 a
539 780 86 32 sheet
650 780 34 32 of
703 780 146 43 foolscap,
876 781 100 32 under

144 840 100 32 Avhich
260 840 24 32 it
299 840 61 32 had
376 840 128 43 slipped,
522 840 53 32 the
598 840 54 32 bill
668 841 35 32 of
721 842 160 42 exchange
898 842 76 33 with

144 900 120 33 Gaston
291 900 36 33 de
344 901 180 32 Vivienne's
551 913 90 20 name
669 914 82 30 upon
779 903 33 41 it,
837 903 53 32 the
916 904 58 32 im-

143 966 144 38 portance
320 961 34 33 of
380 961 100 33 which
507 974 63 20 was
598 963 70 31 well
699 963 114 32 known
845 969 32 28 to
908 965 64 33 her.

144 1023 72 32 This
243 1024 53 32 she
321 1029 56 37 put
402 1025 62 31 into
492 1025 55 32 her
571 1026 122 42 pocket,
720 1027 61 31 and
812 1027 55 32 the
898 1033 75 27 next

143 1085 142 41 morning
302 1090 31 26 at
348 1086 156 32 breakfast
520 1086 125 33 showed
660 1088 24 31 it
699 1092 31 27 to
746 1088 56 32 her
818 1100 122 30 spouse.

186 1147 193 40 Mardonnet,
406 1153 32 26 to
464 1148 38 31 do
530 1148 65 32 him
616 1149 123 41 justice,
765 1162 64 20 was
856 1151 47 32 for
926 1164 46 20 re-

144 1208 123 41 turning
293 1209 23 31 it
343 1214 31 26 at
393 1221 75 21 once
484 1215 32 27 to
532 1210 43 32 M.
595 1210 36 32 de
648 1211 196 43 Beauvoisin,

144 1269 65 32 said
232 1269 48 40 he,
305 1270 73 32 with
403 1282 18 20 a
448 1270 152 44 lingering
628 1273 126 33 instinct
784 1275 36 31 of
842 1276 130 42 original

144 1331 138 41 honesty,
332 1331 56 31 I'm

218 1391 161 32 Nonsense
392 1392 6 32 !
453 1394 137 31 retorted
608 1394 49 32 his
673 1396 67 32 wife
752 1410 8 26 ;
814 1397 25 33 it
854 1398 25 33 is
896 1399 76 33 Pro-

145 1454 125 32 vidence
294 1459 70 37 puts
389 1454 24 31 it
436 1454 30 32 in
493 1468 55 19 our
574 1457 99 33 hands
687 1472 7 27 ;
729 1459 25 32 it
778 1472 73 31 may
875 1462 39 33 be
942 1464 34 32 of

144 1527 53 20 use
227 1526 83 20 some
343 1515 67 41 day,
437 1516 61 31 and
523 1529 57 21 one
608 1518 109 33 should
748 1532 95 22 never
869 1524 102 32 throw
