1079 1710
425 420 206 33 CHAPTER
662 420 56 31 III.

304 519 63 21 THE
390 519 117 21 SINNER
530 517 97 22 SEEKS
650 516 63 21 THE
738 514 99 22 SAINT.

206 597 71 30 The
309 596 85 31 Aveek
423 595 155 40 following
600 594 41 31 M.
669 593 37 31 de
733 591 167 33 Lancour's
932 590 52 32 de-

165 662 122 38 parture
312 657 46 31 for
381 656 135 42 Algeria,
535 656 101 32 Claire
652 654 145 32 returned
822 658 32 27 to
879 653 101 32 Beau-

165 718 98 33 voisin
275 718 73 33 with
360 718 124 40 Olivier,
496 717 142 32 Madame
651 715 179 33 Beaudouin
845 713 140 44 repaired

166 779 46 32 for
242 779 51 32 the
324 784 128 27 autumn
491 778 123 31 months
647 782 32 27 to
713 789 19 20 a
763 776 129 32 chateau
931 775 56 31 her

166 839 139 32 husband
332 839 60 32 had
417 839 54 32 left
494 839 55 31 her
571 839 139 31 between
735 837 164 32 Bordeaux
926 836 61 31 and

167 901 155 41 Bayonne,
347 900 60 32 and
436 900 41 32 M.
504 900 59 31 and
588 900 142 31 Madame
762 900 37 31 de
831 898 155 33 Clavreuil

167 961 106 32 buried
289 961 184 32 themselves
488 972 42 30 up
539 966 31 26 to
587 960 51 32 the
652 972 66 20 ears
735 960 29 31 in
777 960 51 31 the
845 960 142 41 hopeless

167 1027 164 35 monotony
348 1022 33 30 of
400 1026 127 36 country
542 1021 49 31 life
608 1021 31 31 in
656 1021 117 32 France
791 1021 101 41 (when
917 1021 24 31 it
962 1020 25 32 is

167 1081 224 42 monotonous),
419 1082 39 31 he
482 1082 142 41 shooting
625 1101 43 3 —
670 1082 54 32 she
751 1082 236 41 embroidering,

170 1143 44 32 till
230 1148 118 27 custom
365 1143 102 31 would
483 1143 58 31 call
556 1143 84 31 them
657 1143 89 41 again
762 1155 42 29 up
819 1148 32 27 to
867 1143 97 33 Paris.

210 1204 87 42 They
312 1204 61 31 had
398 1204 108 41 deeply
521 1204 153 40 regretted
696 1209 55 27 not
778 1204 115 42 having
917 1217 72 20 seen

170 1265 106 32 Victor
301 1265 102 32 before
434 1265 38 31 he
503 1265 123 40 started,
652 1265 56 32 but
734 1265 74 43 they
828 1265 62 33 had
916 1267 73 42 only

171 1326 183 33 themselves
381 1331 32 26 to
429 1325 100 32 blame
543 1339 6 27 ;
573 1325 38 33 he
628 1325 62 33 had
706 1338 94 29 come,
817 1327 75 43 they
908 1340 81 21 Avere

171 1392 62 35 out,
252 1387 100 32 Claire
380 1387 59 32 and
465 1387 143 32 Madame
624 1387 179 32 Beaudouin
830 1389 62 31 had
915 1390 75 32 both

173 1460 70 20 seen
260 1448 71 41 him,
348 1448 61 32 and
431 1448 139 32 received
585 1448 47 32 his
655 1449 122 42 parting
803 1450 109 42 words,
931 1452 60 31 and

172 1509 160 32 therewith
348 1509 39 32 all
403 1520 64 21 was
492 1509 105 32 ended.
644 1510 46 31 To
705 1510 39 32 be
761 1522 76 22 sure,
856 1512 23 32 it
894 1524 64 21 was
974 1525 17 20 a
