1079 1710
338 105 123 22 BEFORE
483 106 68 21 AND
574 106 109 21 AFTER.

861 101 55 26 283

91 178 91 32 when
206 180 52 32 the
282 180 74 33 fatal
388 182 62 40 bill,
476 182 126 42 bearing
626 182 118 32 Gaston
767 182 37 31 de
829 182 85 32 Vivi-

91 241 106 32 enne's
225 242 166 42 signature,
420 255 63 20 was
509 244 106 31 shown
646 249 30 26 to
700 244 72 39 him,
798 243 116 32 Olivier

90 313 97 22 never
211 304 131 42 entirely
366 306 173 31 recovered.
587 306 51 31 He
661 317 63 20 was
746 305 78 32 from
847 305 67 32 that

89 362 87 43 hour,
200 365 156 42 degraded
375 366 32 31 in
428 366 48 31 his
500 378 68 20 own
590 378 80 30 eyes.
719 367 40 32 So
783 366 73 41 long
878 378 35 20 as

88 424 54 32 the
157 430 85 27 trace
258 438 64 20 was
338 427 68 40 lost,
423 427 52 31 the
500 427 94 41 doing
612 427 34 32 of
664 427 53 32 the
742 428 76 31 deed
833 427 83 32 itself

88 497 64 21 was
176 487 115 32 effaced
315 488 76 31 from
413 488 54 32 the
489 489 112 31 tablets
618 489 34 31 of
670 489 46 31 his
732 489 84 31 mind
830 503 6 26 ;
859 490 55 31 the

88 546 116 33 instant
229 548 52 32 the
308 554 84 26 trace
419 550 210 40 re-appeared,
654 549 54 31 the
736 550 76 31 deed
837 561 73 28 was,

87 618 87 21 anew
175 628 43 2 —
219 608 24 31 it
275 609 122 31 seemed
425 613 33 27 to
488 608 63 31 him
581 621 33 19 as
638 609 118 41 though
784 609 38 31 he
852 609 60 31 had

87 668 78 32 clone
181 669 25 32 it
221 670 55 31 but
295 670 171 40 yesterday.

130 730 87 31 With
233 730 40 31 all
289 730 52 32 the
357 735 64 26 rest
435 730 53 31 the
503 731 107 31 reader
624 730 26 31 is
667 730 189 41 acquainted.

131 790 103 32 When
257 790 51 32 the
334 791 221 41 death-angel's
580 791 81 41 wing
688 792 67 31 first
777 791 131 32 touched

85 851 143 33 Olivier's
244 853 93 40 broAv,
356 853 37 31 he
415 853 99 40 kneAV,
531 853 42 41 by
589 864 84 20 some
688 853 222 41 preternatural

83 914 170 31 revelation
283 914 41 40 by
359 914 104 31 whose
494 913 83 31 hand
606 913 39 31 he
671 913 76 38 died,
772 914 60 30 and
856 914 54 31 felt

82 975 70 31 that
176 975 39 31 he
238 976 74 30 took
336 975 173 31 Claudine's
534 975 87 40 place
644 974 31 30 in
699 974 102 41 dying.
848 975 61 31 But

83 1036 85 31 what
191 1036 54 31 the
272 1048 133 29 purpose
437 1036 62 31 had
520 1036 85 37 been,
632 1036 82 30 what
737 1047 62 20 was
820 1040 32 27 to
870 1036 39 32 be

83 1096 148 32 achieved
246 1096 42 42 by
303 1096 52 31 the
380 1096 145 41 Sphinx's
547 1095 100 40 death,
665 1095 61 31 and
748 1096 42 41 by
805 1096 102 31 whom

83 1158 24 32 it
123 1169 63 21 was
211 1157 170 40 combined,
400 1169 33 20 or
449 1157 83 31 what
555 1157 125 31 interest
700 1157 131 41 Aspasie
847 1157 62 31 had

84 1219 31 32 in
132 1219 56 32 her
204 1219 116 31 demise
330 1220 14 30 ?
345 1238 43 3 —
389 1218 86 32 these
492 1230 80 19 were
594 1218 105 41 things
721 1218 122 41 beyond
859 1218 47 31 his

84 1280 103 42 lights,
214 1280 61 31 and
299 1280 53 31 the
377 1291 84 20 more
482 1279 39 31 he
554 1279 134 41 thought
720 1279 110 41 during
853 1279 53 31 the

85 1341 86 33 short
194 1340 74 33 time
294 1340 54 32 left
368 1340 65 31 him
457 1351 39 21 on
516 1340 69 32 that
606 1340 122 32 terrible
746 1339 88 41 night
853 1340 53 31 the

85 1403 129 32 dimmer
244 1401 47 32 his
321 1404 7 28 i
333 1401 127 32 acuities
491 1401 134 40 became,
665 1401 69 40 and,
770 1406 32 27 at
837 1401 67 40 last,

82 1464 88 33 there
198 1462 158 33 remained
389 1462 71 42 only
491 1462 53 33 the
576 1462 229 32 consciousness
831 1462 33 32 of
888 1473 22 21 a

80 1531 117 34 strong,
227 1530 83 26 stern
337 1524 153 41 necessity
516 1523 47 32 for
589 1523 217 32 concealment.
854 1523 53 33 He
