1079 1710
151 75 31 25 72

388 81 83 20 LOVE
495 81 64 20 THE
582 78 162 22 AVENGER.

193 158 61 33 She
277 157 180 42 recognised
473 157 31 31 in
521 156 55 32 her
593 167 69 20 own
679 155 89 32 heart
783 154 69 33 that
876 165 58 21 one
951 153 34 32 of

146 219 53 32 the
220 224 114 27 secrets
356 219 35 31 of
409 219 55 31 her
487 230 69 19 own
581 217 140 42 strength
744 215 63 33 had
830 215 80 33 been
925 214 54 33 the

146 281 164 31 boundless
333 281 69 31 love
419 280 101 32 which
536 280 101 32 would
653 283 55 28 not
724 291 73 20 ever
813 278 79 31 have
909 289 70 31 per-

146 342 108 32 mitted
277 342 56 31 her
347 347 31 27 to
396 342 69 32 sink
480 342 31 31 in
527 342 53 32 the
603 346 117 28 esteem
737 341 34 32 of
790 340 64 32 him
871 340 55 32 she
943 351 34 20 so

145 403 149 42 infinitely
321 403 98 41 loved,
447 403 56 32 but
525 403 54 32 she
604 403 89 32 could
720 400 210 44 comprehend
957 412 19 20 a

145 464 67 32 love
243 464 68 32 that
345 464 109 32 should
484 465 38 31 be
554 464 104 32 unlike
692 463 71 41 this,
797 463 61 33 and
896 463 77 39 that,

145 525 136 43 wanting
308 526 31 31 in
372 525 94 43 pride,
496 525 110 32 should
637 524 245 43 unhesitatingly
908 528 66 28 cast

144 599 87 30 away
256 587 183 42 everything
469 591 32 27 at
525 587 53 32 the
604 587 60 32 feet
690 587 35 32 of
752 587 52 31 the
832 585 140 33 beloved.

144 648 80 32 Who
237 649 65 31 told
315 648 55 32 her
380 649 62 31 this
458 649 101 41 might
575 654 55 27 not
642 661 78 20 even
736 649 39 31 be
791 648 53 32 the
860 649 111 39 better,

142 710 141 31 humbler
299 716 107 25 nature
419 712 14 30 ?
478 710 29 31 It
524 722 63 20 was
604 715 54 27 not
676 710 47 32 for
739 710 56 32 her
810 714 32 27 to
855 710 98 41 judge
966 723 7 27 ;

144 772 68 40 and,
239 772 159 40 therefore,
421 772 120 31 instead
565 772 34 31 of
618 772 126 41 looking
771 772 88 31 down
889 783 83 30 upon

144 833 60 31 this
240 844 76 30 poor
341 833 91 31 sinful
460 844 66 29 one,
555 844 34 21 or
615 833 116 42 feeling
756 833 31 31 in
812 833 54 31 the
894 833 80 32 least

144 894 110 41 degree
272 894 172 42 preachful
457 894 135 32 towards
609 894 62 41 her,
690 894 55 32 she
762 900 83 27 went
861 900 32 27 to
917 894 57 33 her

144 956 30 31 in
201 960 102 36 sweet,
332 955 105 42 loving
461 967 114 30 mercy,
604 955 69 40 and,
700 955 75 33 with
802 968 83 20 arms
911 956 62 32 and

144 1017 86 32 heart
242 1017 126 42 opened,
383 1017 113 42 sought
511 1022 32 27 to
554 1022 128 37 prevent
698 1017 55 32 her
768 1018 77 32 from
859 1018 115 42 feeling

144 1078 113 41 utterly
282 1082 65 27 cast
374 1083 53 26 out
451 1078 79 31 from
554 1078 53 31 the
633 1080 197 31 communion
859 1080 36 31 of
917 1080 56 32 her

144 1150 82 20 more
243 1137 163 42 deserving
424 1138 45 42 (or
485 1138 24 32 it
524 1138 101 42 might
637 1139 38 31 be
692 1139 127 41 luckier)
840 1140 115 33 sisters.

184 1200 37 31 In
245 1199 99 32 affairs
366 1199 35 32 of
427 1199 53 32 the
508 1198 88 33 heart
596 1220 42 2 —
640 1200 30 31 in
698 1201 110 41 affairs,
836 1202 134 43 namely,

142 1261 100 31 where
267 1260 51 32 the
345 1259 87 33 heart
459 1260 24 32 is
509 1260 32 32 in
565 1272 61 30 any
656 1273 65 30 way
747 1262 133 42 brought
906 1264 64 32 into

144 1318 69 40 play
214 1336 42 4 —
257 1329 39 19 no
322 1328 56 20 one
402 1329 72 19 ever
495 1317 105 32 cheats
624 1318 129 32 another
780 1319 77 43 long
869 1334 5 27 ;
908 1321 62 31 and

145 1378 50 32 the
211 1389 82 20 mere
314 1382 123 27 contact
452 1378 34 31 of
504 1378 88 31 Aunt
608 1379 194 33 Clementine
832 1381 136 42 sufficed,

145 1440 43 31 for
203 1451 18 20 a
242 1451 108 20 reason
366 1439 100 32 which
493 1440 133 42 perhaps
652 1441 101 42 might
779 1447 55 27 not
850 1448 30 27 at
903 1444 67 33 first,

139 1502 38 31 be
197 1501 129 39 divined,
344 1505 31 27 to
392 1501 171 32 embarrass
579 1501 145 33 Madame
737 1503 38 32 de
793 1504 165 34 Mottefort
