1079 1710
860 74 33 25 33

219 79 63 21 THE
305 79 118 21 SINNER
446 79 96 21 SEEKS
564 80 64 20 THE
652 79 99 21 SAINT.

78 155 40 32 sit
143 155 42 42 by
209 156 144 33 Madame
378 157 202 32 Beaudouin's
604 156 126 40 fireside,
757 155 61 32 and
841 155 54 32 her

80 217 167 41 sympathy
273 218 92 41 being
390 218 141 41 genuine,
559 218 38 31 he
624 216 168 42 invariably
814 220 81 27 went

80 278 170 32 comforted
266 290 96 30 aAvay.

126 339 68 32 One
225 340 140 41 evening,
393 340 38 31 he
461 340 59 31 had
551 340 154 31 remained
734 339 75 31 later
835 338 59 32 and

81 401 105 32 talked
210 402 59 31 less
297 402 74 31 than
397 402 95 39 usual,
515 402 60 31 and
599 402 51 31 the
667 413 68 20 care
759 401 67 31 that
849 405 45 27 sat

82 474 82 30 upon
188 462 64 32 him
279 462 152 43 appeared
456 473 83 21 more
563 462 73 31 than
659 462 167 41 habitually
842 473 52 29 op-

83 523 144 40 pressive.

127 584 89 33 After
236 596 18 20 a
289 585 72 41 long
384 595 102 31 pause,
519 584 110 40 during
658 584 99 30 which
787 583 43 32 M.
859 584 36 31 de

83 646 165 41 Moranges
259 645 59 32 had
334 645 192 31 constructed
542 656 93 29 many
644 656 18 19 a
674 644 105 41 dainty
791 644 104 32 edifice

84 706 137 32 between
237 706 52 31 the
314 705 66 42 logs
408 705 33 32 of
461 705 97 40 wood,
576 705 59 32 and
655 705 74 32 then
745 705 96 42 gazed
864 710 31 27 at

80 766 85 32 them
181 766 138 40 intently,
322 785 43 4 —

161 827 33 32 If
234 827 15 31 I
295 839 80 21 were
422 839 68 20 sure
524 839 60 30 you
621 827 99 32 would
763 832 53 28 not
858 828 37 32 be

79 899 97 31 angry
198 888 74 32 with
404 888 37 33 he
466 889 107 41 began,
714 893 54 28 not
787 889 109 42 regard

79 961 33 20 as
131 961 40 20 an
187 949 220 43 impertinence
424 949 84 32 what
524 950 14 31 I
555 949 99 42 might
677 949 78 32 have
776 954 31 27 to
831 961 63 31 say,

78 1010 15 31 I
109 1010 101 31 would

121 1071 145 32 Madame
282 1071 178 32 Beaudouin
476 1071 187 40 interrupted
679 1071 70 40 him,
752 1091 43 3 —

155 1133 14 31 I
196 1144 50 20 am
271 1144 94 20 never
536 1132 54 32 she
615 1132 147 32 observed
774 1147 5 27 ;
836 1133 59 31 and

78 1205 60 30 you
154 1198 112 26 cannot
282 1204 54 31 say
352 1193 149 42 anything
525 1193 15 31 I
565 1193 96 42 ought
685 1198 33 27 to
742 1194 98 41 object
864 1198 31 27 to

153 1316 81 31 Well
361 1315 38 31 he
415 1316 141 40 retorted,
598 1315 116 42 forgive
729 1316 53 31 the
794 1316 101 31 blunt-

78 1390 71 20 ness
165 1378 34 31 of
220 1389 52 30 my
288 1377 99 31 words
398 1390 6 19 :
429 1389 61 30 you
506 1389 50 19 are
583 1377 52 31 the
661 1377 69 42 only
745 1390 120 19 woman
881 1378 14 30 I

78 1439 88 32 could
182 1439 78 32 have
276 1439 139 31 married.
463 1439 68 31 You
556 1450 51 20 are
633 1443 54 27 not
709 1451 98 29 angry
823 1439 72 31 Avith

799 1566 14 13 D

136 1567 52 15 VOL.
202 1568 36 14 III.
