1079 1710
145 64 33 25 60

380 71 82 21 LOVE
485 71 64 21 THE
574 67 160 23 AVENGER.

144 152 32 27 to
199 148 53 32 the
283 148 184 32 immaterial
492 146 93 33 touch
613 145 34 32 of
670 144 84 32 what
782 140 192 36 surrounded

143 209 62 41 her,
229 210 60 32 and
310 221 93 28 snow,
427 214 88 35 stars,
538 209 61 31 and
617 208 52 32 the
691 207 44 32 air
758 206 35 32 of
808 206 53 31 the
884 204 90 42 night

144 272 60 32 and
233 272 52 32 the
316 272 109 32 breath
457 272 35 31 of
522 271 104 32 leaves
657 270 61 33 and
748 270 130 39 flowers,
911 267 63 33 and

143 334 52 31 the
221 334 114 32 sounds
363 334 34 31 of
422 333 107 41 music,
563 333 40 32 all
635 332 95 43 spoke
761 336 32 28 to
824 331 55 33 her
907 330 67 32 soul

144 395 74 32 with
243 407 17 19 a
283 396 95 32 direct
401 395 153 42 meaning,
580 395 62 32 and
665 394 109 32 awoke
793 392 180 44 responsive

144 457 176 30 vibrations.

188 519 55 39 As,
271 519 127 41 forcibly
430 519 177 41 combating
636 518 56 31 her
724 517 114 40 dream,
872 515 100 32 Claire

144 591 67 21 rose
227 585 32 26 to
279 591 49 30 go,
346 579 85 33 there
448 590 94 30 came,
566 579 96 33 borne
677 584 32 27 to
725 579 56 32 her
798 590 39 20 on
854 589 19 20 a
888 576 84 33 voice

145 640 34 32 of
191 640 156 41 strangely
362 642 196 39 penetrating
574 641 123 40 beauty,
716 640 53 32 the
786 640 111 39 words,
900 657 44 5 —

359 723 29 22 Se
400 723 70 22 divisi
481 724 91 21 fummo
583 724 26 21 in
620 727 60 18 terra

359 765 38 23 Ne
408 765 131 29 congiunga
550 766 19 22 il
580 773 72 15 nume
663 765 26 23 in
701 765 44 23 ciel
753 766 3 22 !

147 839 61 33 She
232 839 88 33 stood
343 839 60 33 still
425 839 45 33 for
489 851 57 21 one
565 839 121 41 second,
707 839 62 33 and
791 850 40 21 an
856 839 116 32 inward

147 900 75 32 echo
238 900 145 43 repeated
399 912 72 21 over
487 900 61 33 and
571 901 91 42 again
678 901 53 32 the
752 900 99 43 plaint
869 901 34 32 of
920 900 52 33 the

149 962 84 31 lover
249 962 35 31 of
295 962 108 31 Lucia.

189 1022 64 32 Yes
266 1024 7 30 !
305 1023 74 42 they
395 1023 60 31 had
470 1023 78 31 been
565 1023 122 32 divided
702 1035 83 30 upon
802 1024 98 41 earth,
918 1024 57 32 but

148 1084 70 42 why
249 1084 108 31 should
387 1084 61 31 this
479 1084 129 42 impress
637 1085 55 31 her
724 1097 33 20 so
788 1086 188 41 mournfully

149 1148 92 28 now?

191 1207 80 32 That
301 1208 97 41 night,
431 1220 33 20 as
494 1208 53 32 the
577 1220 105 30 young
718 1209 157 42 Marquise
914 1210 61 32 laid

149 1268 89 31 down
253 1273 30 27 to
298 1273 71 34 rest,
387 1268 54 32 she
458 1269 61 31 still
535 1269 95 32 heard
645 1270 52 32 the
714 1270 100 33 words
817 1290 42 4 —

364 1355 28 22 Se
404 1355 71 22 divisi
487 1354 92 24 fummo
591 1355 26 24 in
628 1358 66 25 terra,

150 1432 60 32 and
238 1432 52 31 felt
321 1443 33 20 as
379 1432 118 42 though
523 1445 84 20 some
634 1435 139 41 warning
799 1446 80 22 were
906 1447 71 21 con-

150 1494 99 41 veyed
264 1499 32 27 to
311 1494 61 32 her.
