1079 1710
143 79 35 26 14

379 86 81 20 LOVE
483 85 64 21 THE
569 81 159 24 AVENGER.

144 163 59 32 had
218 175 93 21 never
327 162 142 34 returned
480 167 32 26 to
528 158 165 35 Clavreuil.
742 156 95 33 NeAvs
854 153 35 34 of
900 153 64 33 him

143 235 80 22 were
245 224 137 33 received
405 224 81 41 daily
502 226 31 28 at
555 221 53 32 the
633 219 139 39 chateau,
791 218 45 32 for
861 216 103 33 Count

143 286 93 40 Rene,
254 285 118 33 besides
394 283 172 43 frequently
589 282 96 42 going
709 292 73 21 over
804 284 33 27 to
861 279 102 31 Tours

141 351 32 27 to
198 346 94 43 speak
318 351 32 27 to
372 345 53 33 the
450 344 160 43 physician
627 343 69 31 Avho
718 353 62 20 was
800 339 163 41 attending

141 407 47 33 his
208 407 137 43 nephew,
361 407 61 33 had
444 405 185 34 established
649 404 121 42 regular
790 401 172 34 communi-

142 469 114 32 cations
272 468 72 32 with
367 469 130 32 Victor's
521 467 149 40 brosseur,
688 478 20 20 a
727 477 76 30 very
827 462 133 34 devoted

142 535 123 27 servant
288 530 68 31 who
383 529 61 32 had
469 528 216 43 accompanied
709 528 46 31 his
786 530 116 28 master
928 524 32 32 in

140 591 40 31 all
197 591 46 31 his
258 591 183 42 campaigns.
487 590 43 32 M.
548 590 37 32 de
609 589 154 33 Clavreuil
779 600 63 20 was
863 587 96 41 dimly

141 652 175 41 convinced,
333 652 116 42 though
471 651 38 32 he
532 650 90 33 could
645 655 54 27 not
723 649 122 42 exactly
864 649 93 31 make

141 718 54 27 out
209 713 79 42 why,
304 713 68 31 that
394 713 100 32 Claire
518 712 87 32 owed
626 711 55 32 her
704 711 49 32 life
776 716 33 27 to
830 710 109 33 Victor
951 722 6 28 ;

140 774 66 31 that
229 774 52 32 the
305 774 90 31 latter
420 785 63 20 was
507 773 91 31 much
620 784 85 20 more
727 771 73 33 hurt
819 771 76 33 than
918 771 40 32 he

141 834 154 40 admitted,
310 835 59 30 and
378 834 52 32 the
446 833 152 43 gratitude
610 833 38 32 he
659 833 161 32 conceived
837 832 121 33 thereat

140 907 64 19 Avas
230 906 33 20 so
287 895 90 42 lively
393 895 65 31 that
480 895 39 32 he
542 894 125 43 abjured
690 898 32 28 at
746 906 74 20 once
841 893 41 33 all
906 893 51 33 the

140 968 193 29 repugnance
349 956 158 32 treasured
530 968 41 29 up
594 956 46 31 for
661 956 74 41 long
754 967 89 30 years
860 955 42 42 by
918 955 39 31 all

140 1017 115 31 around
270 1017 62 30 him
348 1016 45 32 for
407 1017 52 31 the
474 1029 90 19 name
585 1016 34 32 of
640 1017 151 40 Lancour,
809 1016 60 31 and
892 1028 65 20 was

140 1078 182 42 incessantly
336 1078 119 41 talking
470 1078 34 32 of
523 1078 114 41 Victor,
660 1078 61 31 and
737 1078 35 31 of
791 1078 52 32 the
859 1078 98 32 admi-

140 1139 95 32 ration
266 1139 73 31 Avith
369 1139 98 31 Avhich
502 1140 46 31 his
578 1139 125 32 African
734 1140 130 42 nephew
894 1140 62 31 had

140 1201 146 40 suddenly
301 1201 132 40 inspired
448 1201 71 31 him.

183 1262 44 31 At
250 1262 67 39 last,
343 1261 40 32 all
406 1262 110 31 doubts
543 1273 33 21 as
599 1266 32 27 to
657 1262 41 33 M.
728 1262 36 32 de
788 1262 169 33 Lancour's

141 1323 150 42 complete
307 1334 142 31 recovery
467 1334 81 22 Avere
568 1323 135 42 brought
720 1329 33 27 to
769 1335 39 21 an
824 1324 68 40 end,
910 1324 47 32 for

141 1384 48 32 his
205 1384 114 33 sudden
342 1384 160 43 departure
523 1384 46 33 for
589 1384 86 33 Paris
698 1397 64 20 Avas
777 1386 180 32 announced

141 1456 55 21 one
221 1445 58 42 day
302 1449 31 27 at
358 1445 106 33 dinner
483 1445 41 42 by
544 1445 53 33 the
620 1446 111 41 Count,
751 1445 69 34 who
841 1447 116 42 merely

141 1506 98 33 added
263 1505 65 34 that
351 1506 38 33 he
419 1506 116 33 Avished
564 1507 39 32 he
633 1508 90 32 could
753 1508 79 32 have
863 1509 94 31 found
