1079 1710
349 98 64 21 THE
438 99 113 21 SILVER
574 99 116 21 MEDAL.

893 93 32 25 97

184 172 60 41 No,
261 173 72 42 they
350 186 49 20 are
517 175 134 32 retorted
667 175 100 32 Count
782 175 127 40 Dupont
921 186 6 28 ;

141 244 18 21 a
175 235 114 30 certain
306 236 129 31 number
461 236 34 31 of
514 241 140 37 precepts
679 236 60 31 and
762 240 98 27 tenets
876 246 51 20 are

108 298 49 27 set
187 294 90 32 down
304 295 46 31 for
382 296 93 41 them,
510 297 61 31 and
599 297 72 41 they
698 301 104 37 repeat
833 296 93 39 them,

110 354 84 32 learn
217 355 84 32 them
324 357 42 41 by
381 361 75 37 rote,
474 358 54 31 but
550 358 70 31 nine
642 358 89 31 times
755 362 52 27 out
822 357 34 32 of
877 361 53 27 ten

110 414 41 33 do
166 421 55 26 not
237 418 107 31 realise
366 418 78 32 their
468 419 152 41 meaning,
646 419 68 39 and,
738 417 191 42 ninety-nine

112 476 90 32 times
219 483 53 26 out
289 479 33 30 of
337 491 18 19 a
371 479 147 38 hundred,
535 484 112 27 cannot
662 480 92 41 apply
769 479 92 39 them,
878 479 51 30 be-

112 549 94 21 cause
233 539 73 41 they
323 552 51 19 are
396 540 142 41 helpless.
583 541 55 40 My
657 541 71 30 clear

113 600 38 31 he
176 601 73 39 said,
267 602 147 41 stopping
437 602 31 30 in
492 602 46 31 his
554 602 88 39 walk,
689 601 61 32 this
775 602 26 30 is
829 612 56 19 one
902 600 33 31 of

113 661 53 31 the
190 662 132 40 subjects
346 662 24 31 it
393 663 24 30 is
444 662 176 41 impossible
643 667 33 27 to
692 662 116 31 discuss
825 661 73 31 with
916 673 17 19 a

114 722 80 41 lady,
223 722 129 31 because
380 723 214 31 conventional
626 727 94 27 terms
750 722 74 31 alter
854 722 78 31 their

113 783 153 40 meaning,
289 784 61 30 and
375 784 52 31 the
455 784 99 31 words
577 795 107 30 wrong
710 784 59 31 and
797 783 52 40 sin,
872 783 60 31 and

113 845 156 31 whatever
295 845 75 42 they
394 845 105 42 imply,
524 845 157 42 designate
709 845 113 41 objects
850 844 83 41 quite

112 906 141 31 different
268 906 77 31 from
362 906 87 32 those
476 918 61 30 you
561 906 93 42 apply
670 906 83 32 them
777 910 40 27 to.
863 905 70 31 You

112 967 68 32 deal
207 967 75 32 with
308 967 53 32 the
388 979 83 20 mere
499 967 86 32 effect
613 967 79 42 only,
719 966 135 32 whereas
880 966 53 32 the

112 1039 93 21 cause
231 1028 24 31 is
272 1028 83 32 what
371 1028 62 32 will
459 1028 78 32 have
561 1033 32 27 to
618 1028 37 32 be
672 1027 81 32 dealt
769 1027 74 31 with
844 1046 41 3 —
888 1027 45 31 for

112 1088 54 32 the
183 1089 139 41 question
348 1088 25 32 is
398 1088 52 32 the
477 1093 124 37 gravest
626 1099 55 21 one
698 1088 34 31 of
754 1099 55 20 our
833 1099 56 30 age
891 1106 42 4 —

112 1149 64 40 but,
195 1161 69 20 now
279 1149 16 32 I
311 1160 85 21 come
421 1154 31 26 to
478 1149 108 32 advert
610 1154 30 26 to
659 1148 31 40 it,
709 1160 60 29 you
788 1148 105 41 ought,
911 1148 25 31 if

110 1221 63 31 you
197 1210 72 32 take
297 1210 74 32 such
398 1221 18 21 a
440 1209 112 43 special
577 1209 127 32 interest
731 1209 30 31 in
787 1209 61 32 this
875 1220 57 21 one

112 1271 205 40 unfortunate,
342 1275 31 28 to
400 1271 38 32 be
466 1270 66 33 able
558 1275 31 27 to
614 1270 63 31 find
704 1275 52 27 out
783 1270 93 42 easily
892 1270 41 32 all

110 1333 95 32 about
229 1333 63 40 her,
318 1332 46 32 for
389 1332 54 32 she
471 1331 132 43 actually
627 1343 101 21 comes
753 1331 77 33 from
856 1344 77 30 your

110 1405 69 20 own

187 1454 97 31 What
295 1455 37 30 do
342 1466 61 30 you
419 1466 89 20 mean
519 1456 13 30 ?
575 1454 81 32 cried
668 1454 109 41 Claire,
790 1453 123 43 eagerly
924 1466 6 28 ;

832 1581 14 14 it

166 1584 51 14 VOL.
236 1584 34 14 III.
