1079 1710
157 82 36 27 30

391 87 82 20 LOATE
496 85 65 21 THE
583 83 160 23 AVENGER.

156 165 251 42 unpleasantness
423 162 34 33 of
476 161 52 33 the
550 161 137 39 election,
705 160 62 32 and
790 170 65 20 was
871 169 40 21 on
927 157 51 32 the

155 227 67 32 best
236 231 94 28 terms
346 225 73 32 with
435 224 40 32 all
490 223 48 32 his
553 222 196 42 neighbours.
797 221 51 31 He
876 224 46 28 set
936 232 42 30 up

155 299 19 21 a
197 288 78 42 pack
301 287 34 32 of
353 285 119 33 hounds
495 284 33 32 in
555 284 150 32 imitation
738 283 33 32 of
793 283 122 33 Gaston
940 282 38 32 de

154 349 159 39 Vivienne,
332 347 59 32 and
410 347 62 42 (the
497 347 94 32 forest
616 344 87 33 lands
729 344 35 32 of
785 344 52 32 the
854 344 124 43 depart-

153 414 85 28 ment
253 410 86 41 lying
355 409 113 42 wholly
484 409 30 31 in
530 409 87 32 these
638 407 145 41 districts)
801 407 88 32 these
913 411 62 27 two

152 470 94 43 packs
275 470 52 32 did
357 470 206 32 considerable
594 469 144 32 mischief
769 481 116 29 among
921 468 54 32 the

152 531 89 32 boars
271 531 59 32 and
362 536 92 36 stags.
502 531 140 32 Olivier's
672 531 177 41 enjoyment
880 530 31 31 in
935 529 40 32 all

152 592 59 33 this
235 603 61 22 was
319 592 72 42 only
406 604 68 20 uoav
499 592 59 32 and
578 592 75 32 then
680 591 190 43 interrupted
898 592 41 41 by
954 602 20 20 a

146 653 128 43 journey
290 653 34 33 of
339 658 60 28 two
426 665 33 21 or
474 653 89 33 three
589 654 75 41 days
688 658 33 28 to
744 653 96 40 Paris,
858 664 39 21 no
914 664 58 21 one

151 715 89 31 kneAV
255 715 77 42 Avhy,
350 715 53 31 but
427 715 38 31 he
489 714 176 32 mentioned
691 719 112 37 urgent
818 714 150 40 business,

150 776 60 31 and
222 788 39 19 no
272 788 56 19 one
335 776 120 31 noticed
465 776 67 31 that
541 776 86 32 these
640 776 146 32 absences
798 776 172 42 invariably

150 837 155 31 coincided
330 837 75 31 Avith
428 837 51 31 the
506 837 109 32 arrival
645 842 32 27 at
707 838 125 41 Brunoy
856 838 35 31 of
915 838 54 32 the

150 898 135 40 Marquis
301 898 37 31 de
355 898 171 40 Moranges.

192 961 41 29 At
249 960 168 31 Christmas
444 960 84 31 there
553 971 62 20 was
642 960 57 31 still
721 972 78 30 open
816 961 96 32 house
936 967 30 27 at

150 1021 190 39 Beauvoisin,
358 1020 60 31 and
442 1020 86 32 there
555 1032 80 20 were
654 1022 118 41 private
788 1023 178 33 theatricals

148 1085 32 27 at
195 1081 101 31 Mont-
298 1081 159 31 Vivienne.

191 1142 42 31 M.
251 1141 36 31 de
303 1142 163 41 Moranges
482 1142 61 31 had
557 1144 145 31 returned
718 1149 31 27 to
767 1144 95 33 Paris.
897 1146 66 32 One

147 1201 102 41 bright
272 1201 95 42 frosty
383 1202 68 41 day,
469 1214 33 19 as
525 1202 38 32 he
579 1214 64 20 was
658 1204 122 42 getting
795 1210 54 28 out
865 1206 35 32 of
918 1206 45 33 his

147 1261 178 42 brougham,
344 1262 29 31 in
401 1262 51 32 the
473 1263 66 31 Rue
555 1264 37 31 de
608 1264 30 31 la
654 1265 84 40 Paix,
755 1265 54 33 the
826 1267 137 43 Marquis

147 1326 63 28 met
224 1322 140 32 Madame
382 1323 185 32 Beaudouin.

311 1383 80 40 here,
418 1388 32 27 at
478 1385 60 31 this
780 1389 66 32 The
879 1403 82 22 same

146 1443 99 32 words
259 1455 79 20 Avere
353 1444 119 31 uttered
487 1444 41 41 by
543 1445 82 34 both.

221 1505 53 42 My
300 1505 91 42 being
417 1505 71 32 here
518 1506 55 33 has
600 1508 130 44 nothing
