1079 1710
875 89 33 26 23

368 94 64 20 THE
455 94 177 20 FAREWELL.

176 168 28 33 It
225 168 26 33 is
276 174 54 27 not
346 182 19 19 a
380 170 116 42 change
518 170 32 31 of
750 170 160 31 remarked

102 229 122 43 quickly
240 230 42 32 M.
309 230 36 32 de
361 231 149 41 Lancour,
533 231 68 31 who
627 231 146 42 instantly
789 231 122 31 divined

101 290 52 33 the
175 302 90 21 cause
281 292 34 31 of
333 292 54 32 her
403 292 156 42 agitation,
604 292 24 32 it
643 292 26 32 is
684 304 38 20 an
738 292 171 43 expedition

103 353 120 41 against
247 353 52 32 the
323 354 137 41 Kabyles
483 354 67 31 that
573 354 15 30 I
614 353 77 32 have
707 354 93 31 asked
825 354 86 31 leave

102 418 32 26 to
146 414 72 41 join.
263 415 16 30 I
295 426 39 29 go
356 414 83 41 quite
464 414 95 41 alone,
576 418 54 28 not
646 426 76 21 even
737 426 57 21 one
810 414 33 32 of
860 426 51 30 my

104 474 157 31 comrades
277 473 209 41 accompanies

148 535 30 31 A
207 534 78 32 flush
324 533 139 43 replaced
497 533 52 32 the
579 533 96 42 pallor
712 545 38 21 on
787 533 124 33 Claire's

105 595 139 31 features.

177 656 47 31 Do
240 666 59 29 you
314 655 85 32 leave
416 665 72 21 soon
500 655 14 31 ?
568 654 53 32 she
637 654 143 41 inquired.

372 715 38 32 he
425 715 114 40 replied,

175 775 148 41 To-night
334 776 13 31 ?
400 775 54 32 she
470 776 150 40 repeated.

175 836 15 30 I
206 836 85 31 leave
303 836 98 31 Tours
416 835 135 41 to-night
560 836 61 31 and
637 836 85 32 Paris
737 840 174 28 to-morrow

174 958 80 31 Who
270 958 176 31 commands
461 958 52 31 the
530 957 170 41 expedition
711 958 13 32 ?

146 1080 72 32 And
232 1079 74 32 then
323 1079 89 42 again
437 1079 84 31 there
540 1090 64 20 was
625 1079 121 40 silence,
764 1079 60 32 and
838 1079 73 41 they

104 1141 109 32 looked
229 1140 62 32 into
307 1140 74 31 each
397 1139 112 32 other's
524 1140 81 32 faces
616 1153 7 28 ;
639 1140 109 32 looked
763 1140 146 42 tenderly,

101 1201 107 43 firmly,
234 1201 110 32 looked
366 1201 39 31 all
430 1201 74 41 they
523 1201 61 32 felt.
638 1201 61 32 But
723 1201 82 32 Avhat
829 1212 82 21 more

102 1274 62 21 was
179 1262 85 32 there
279 1267 33 27 to
329 1263 76 41 say?
449 1261 73 32 This
545 1272 63 21 was
633 1272 41 21 no
689 1272 69 21 case
773 1261 46 32 for
841 1261 70 32 loud

103 1334 178 21 assurances
295 1336 6 27 ;
334 1335 39 20 no
401 1334 69 21 case
494 1322 45 32 for
571 1322 167 43 promising
768 1328 31 26 to
825 1322 68 33 love
904 1335 7 27 ;

102 1383 60 33 this
178 1395 62 20 was
255 1383 53 32 the
328 1383 68 32 love
411 1383 85 32 itself
505 1383 72 42 paid
592 1383 96 32 down.
735 1382 86 42 They
836 1394 75 20 were

102 1444 123 42 dealing
240 1444 75 32 with
340 1449 82 27 stern
445 1444 76 32 facts
533 1457 6 27 ;
564 1444 59 31 and
637 1444 51 32 the
709 1455 74 31 very
798 1444 113 42 quality

102 1507 33 31 of
146 1506 78 32 their
237 1506 68 32 love
320 1505 89 33 made
425 1505 84 32 them
525 1505 67 32 deal
607 1504 111 42 rigidly
729 1504 74 33 with
819 1504 92 33 them.
