1079 1710
315 90 121 22 BEFORE
459 91 67 21 AND
549 91 112 21 AFTER.

840 84 52 26 287

71 185 43 4 —
114 166 46 32 for
194 169 24 30 it
255 168 25 32 is
317 169 159 32 forbidden
514 182 68 30 you.
630 170 69 32 You
737 174 82 27 must
856 169 37 32 be

116 289 73 32 And
215 301 33 20 so
274 290 109 42 saying
409 290 38 32 he
475 290 54 33 left
558 291 62 41 her,
656 291 59 32 and
740 290 73 33 then
841 290 53 33 she

72 351 156 32 sorrowed
243 351 46 32 for
305 351 55 32 her
376 352 91 31 child.

118 473 66 32 The
217 473 92 32 death
344 474 35 31 of
403 474 47 31 his
478 474 129 43 nephew
639 475 112 31 caused
782 475 42 32 M.
859 475 37 31 de

75 535 167 42 Moranges
265 540 33 26 to
321 539 151 38 postpone
494 535 48 31 his
563 536 149 41 marriage
729 536 46 31 for
800 548 17 19 a
839 536 59 31 feAv

77 595 104 32 weeks
195 610 6 27 ;
234 596 54 31 but
318 600 32 27 at
381 596 50 31 the
463 596 57 31 end
554 596 35 31 of
612 596 67 31 that
713 596 104 42 period
845 596 53 32 the

77 657 122 42 Sphinx
232 657 126 31 became
391 657 156 41 Marquise
572 657 36 31 de
631 658 164 41 Moranges
807 671 6 27 ;
838 658 61 31 and

78 730 19 19 a
119 730 76 29 very
219 718 85 31 short
326 718 74 31 time
424 717 84 40 after,
525 717 110 42 people
659 718 109 31 ceased
790 722 31 27 to
836 718 64 31 talk

78 779 36 32 of
133 791 33 20 or
193 784 31 26 to
251 778 125 32 wonder
403 783 30 26 at
457 778 51 31 the
536 783 99 27 event.
682 780 30 30 A
732 779 63 41 fair,
820 780 77 41 pale,

78 841 170 31 handsome
271 852 130 29 woman,
425 840 97 41 richly
547 840 131 40 dressed,
696 840 93 32 drove
808 841 92 32 about

77 903 54 33 the
172 903 83 40 Bois,
293 903 30 31 in
357 915 17 19 a
405 903 260 41 well-appointed,
703 903 197 32 emblazoned

79 964 124 40 landau,
238 964 61 32 and
327 964 53 31 the
410 975 120 20 answer
558 963 92 41 given
670 968 31 27 to
723 964 87 32 those
830 964 70 31 who

81 1025 148 41 enquired
243 1025 56 31 her
314 1036 99 28 name,
431 1036 72 27 was,
507 1043 42 3 —

156 1085 50 33 Oh
220 1086 6 32 !
251 1096 61 30 you
327 1085 92 31 know
434 1084 68 31 that
517 1084 25 31 is
554 1083 52 32 the
613 1083 128 42 famous
757 1085 143 31 Madame

82 1148 37 31 de
136 1147 168 40 Moranges
320 1158 5 19 :
350 1146 53 30 she
420 1145 25 31 is
465 1149 54 27 not
535 1145 139 40 received,
688 1145 55 31 but
758 1145 73 42 they
848 1157 52 30 say

82 1208 54 32 she
152 1207 135 32 behaves
304 1218 74 28 very

127 1268 72 32 And
220 1267 69 32 that
312 1279 63 19 was
398 1266 151 42 precisely
563 1266 91 40 what,
672 1271 31 27 at
723 1266 52 32 the
795 1267 59 32 end
872 1267 34 32 of

80 1342 22 20 a
126 1341 74 31 year
215 1328 62 33 and
298 1339 17 20 a
333 1327 72 40 half,
430 1327 51 31 the
505 1327 152 41 Dowager
680 1327 100 41 began
801 1332 31 27 to
856 1339 45 20 re-

83 1390 97 33 mark.
228 1389 62 32 For
320 1400 17 20 a
368 1388 97 31 whole
496 1388 216 31 twelvemonth
742 1389 77 31 after
848 1389 54 32 her

83 1452 82 32 son's
187 1450 93 32 death
298 1450 55 31 she
372 1449 71 31 shut
461 1448 114 32 herself
596 1461 40 30 up
657 1454 31 26 at
707 1450 192 41 Beauvoisin,

83 1512 108 40 seeing
216 1522 89 28 none,
326 1510 123 40 writing
470 1512 33 28 to
518 1520 87 29 none,
623 1509 54 32 but
698 1510 31 30 in
752 1509 54 33 her
826 1510 74 33 hard
