1079 1710
282 82 23 21 A
327 83 119 21 SINNER
469 85 60 19 BUT
552 85 41 19 NO
618 85 98 19 SAINT.

872 79 34 25 49

88 158 112 42 clearly
217 158 128 43 defined,
364 161 60 32 and
440 162 112 41 mostly
567 162 97 32 above
680 174 59 30 any
756 162 153 42 struggles

93 218 115 42 (unless
238 220 53 32 the
319 222 152 41 struggles
502 223 35 31 of
563 223 156 40 ambition)
734 236 5 19 :
774 224 31 30 in
834 235 76 30 your

90 280 96 32 Avorld
213 280 86 33 there
326 282 26 32 is
378 283 54 31 but
458 283 77 32 little
562 284 199 42 compromise
773 297 5 19 :
802 284 108 42 people

90 351 52 20 are
169 340 35 31 of
231 341 31 40 it,
289 353 33 20 or
350 347 53 27 out
429 343 33 31 of
489 343 24 31 it
526 357 6 27 ;
557 344 26 30 if
601 344 34 31 of
660 344 32 41 it,
718 356 60 29 you
803 356 107 20 excuse

91 402 185 42 everything
290 416 6 27 ;
320 403 27 31 if
374 409 52 26 out
452 404 33 31 of
515 405 29 40 it,
570 417 60 29 you
655 405 102 41 ignore
784 418 31 20 or
841 418 69 20 con-

92 463 99 32 demn.
238 464 71 32 You
336 465 39 31 clo
398 471 54 26 not
474 470 67 37 stop
563 471 32 26 to
618 467 70 30 take
704 467 62 31 into
782 470 128 27 account

92 524 84 32 Avhat
191 524 52 32 the
259 526 83 31 trials
358 538 72 29 may
445 526 46 41 be,
508 538 56 19 nor
579 526 27 31 if
616 527 74 41 they
701 538 51 20 are
768 527 142 40 honestly

93 597 160 22 overcome
268 600 7 27 ;
307 588 23 30 it
360 588 25 30 is
415 592 54 27 not
500 600 18 19 a
546 588 57 31 fair
633 600 68 30 way
731 588 34 32 of
787 588 123 41 dealing-

91 647 163 42 according
276 652 29 27 to
328 660 52 29 my
403 649 148 39 estimate,
568 649 60 31 and
649 649 24 31 it
695 649 26 32 is
737 661 57 20 one
810 649 100 32 which

91 708 17 30 I
138 708 108 31 should
283 709 78 32 have
401 710 111 31 almost
541 710 133 41 thought
711 721 60 30 you
808 710 102 32 Avould

132 831 100 31 Henri
247 831 124 41 Dupont
383 831 53 32 felt
452 832 124 32 himself
587 837 55 37 put
657 832 31 32 in
701 843 56 21 one
773 837 134 28 moment

89 892 171 41 altogether
282 893 31 31 in
336 893 52 32 the
403 904 116 31 wrong,
537 894 60 32 and
613 905 75 31 very
703 894 92 32 much
811 894 30 31 in
856 894 51 32 the

89 964 71 21 case
176 953 33 32 of
227 953 53 32 the
295 965 72 21 man
382 953 105 33 Avhose
533 955 109 31 Tartar
687 954 120 32 refused
822 959 32 27 to
869 955 38 31 be

130 1075 52 32 He
204 1075 71 40 had,
303 1075 77 33 after
404 1087 19 20 a
447 1076 114 32 certain
585 1075 127 41 fashion,
737 1080 32 28 to
797 1087 108 21 excuse

88 1135 131 41 himself,
245 1135 100 33 which
380 1136 26 32 is
439 1147 18 21 a
495 1136 73 32 fatal
605 1136 183 42 proceeding
817 1135 88 33 when

88 1209 60 31 you
171 1197 79 32 have
281 1196 145 33 intended
450 1202 32 27 to
510 1208 86 31 carry
616 1197 40 32 all
678 1197 102 42 things
806 1197 99 32 before

88 1271 70 28 you.

129 1319 162 42 However,
305 1319 84 32 Mile.
404 1320 130 42 Aspasie
550 1331 63 21 was
629 1320 167 42 eminently
811 1321 94 41 good-

88 1382 138 41 natured,
244 1393 33 20 or
304 1381 121 33 seemed
448 1386 32 27 to
505 1382 38 31 be
569 1394 41 29 so,
631 1382 61 31 and
716 1382 126 41 bearing
867 1394 39 19 no

87 1444 117 40 malice,
221 1444 115 41 readily
352 1448 83 27 went
449 1443 64 32 into
529 1444 179 41 particulars
725 1443 181 41 concerning

87 1506 54 33 her
155 1505 91 40 birth,
262 1509 178 37 parentage,
458 1505 59 32 and
533 1505 168 32 education.

143 1573 51 15 VOL.
209 1573 32 15 III.

814 1572 12 13 E
