<?xml version="1.0" encoding="UTF-8"?>
<alto xmlns:xsi="http://www.w3.org/2001/XMLSchema-instance" xsi:noNamespaceSchemaLocation="http://www.bl.uk/schemas/alto/alto-1-4.xsd" xmlns:xlink="http://www.w3.org/1999/xlink">
	<Description>
		<MeasurementUnit>mm10</MeasurementUnit>
		<sourceImageInformation>
			<fileName>//head1/IN/2007-46/A0010888503.3/008079.jp2</fileName>
		</sourceImageInformation>
		<OCRProcessing ID="OCRPROCESSING_1">
			<preProcessingStep>
				<processingSoftware>
					<softwareCreator>CCS Content Conversion Specialists GmbH, Germany</softwareCreator>
					<softwareName>CCS docWORKS</softwareName>
					<softwareVersion>6.1-0.62</softwareVersion>
				</processingSoftware>
			</preProcessingStep>
			<ocrProcessingStep>
				<processingSoftware>
					<softwareCreator>ABBYY (BIT Software), Russia</softwareCreator>
					<softwareName>Finereader</softwareName>
				</processingSoftware>
			</ocrProcessingStep>
		</OCRProcessing>
	</Description>
	<Styles>
		<TextStyle ID="TXT_0" FONTSIZE="10" FONTFAMILY="Courier New"/>
		<TextStyle ID="TXT_1" FONTSIZE="11" FONTFAMILY="Courier New"/>
		<ParagraphStyle ID="PAR_CENTER" ALIGN="Center"/>
		<ParagraphStyle ID="PAR_RIGHT" ALIGN="Right"/>
		<ParagraphStyle ID="PAR_LEFT" ALIGN="Left"/>
	</Styles>
	<Layout>
		<Page ID="P105" PHYSICAL_IMG_NR="105" HEIGHT="1710" WIDTH="1079" PRINTED_IMG_NR="95" POSITION="Right" ACCURACY="75.89">
			<TopMargin ID="P105_TM00001" HPOS="0" VPOS="0" WIDTH="1078" HEIGHT="103">
				<TextBlock ID="P105_TB00001" HPOS="366" VPOS="78" WIDTH="342" HEIGHT="23" STYLEREFS="TXT_0 PAR_CENTER">
					<TextLine ID="P105_TL00001" HPOS="368" VPOS="78" WIDTH="340" HEIGHT="23">
						<String ID="P105_ST00001" HPOS="368" VPOS="78" WIDTH="62" HEIGHT="22" CONTENT="THE" WC="0.73" CC="206"/>
						<SP ID="P105_SP00001" HPOS="430" VPOS="100" WIDTH="23"/>
						<String ID="P105_ST00002" HPOS="453" VPOS="79" WIDTH="115" HEIGHT="22" CONTENT="SILVER" WC="0.72" CC="304710"/>
						<SP ID="P105_SP00002" HPOS="568" VPOS="101" WIDTH="23"/>
						<String ID="P105_ST00003" HPOS="591" VPOS="81" WIDTH="117" HEIGHT="20" CONTENT="MEDAL." WC="0.83" CC="023040"/>
					</TextLine>
				</TextBlock>
				<TextBlock ID="P105_TB00002" HPOS="909" VPOS="77" WIDTH="33" HEIGHT="24" STYLEREFS="TXT_1 PAR_RIGHT">
					<TextLine ID="P105_TL00002" HPOS="909" VPOS="77" WIDTH="33" HEIGHT="24">
						<String ID="P105_ST00004" HPOS="909" VPOS="77" WIDTH="33" HEIGHT="24" CONTENT="95" WC="1.00" CC="00"/>
					</TextLine>
				</TextBlock>
			</TopMargin>
			<LeftMargin ID="P105_LM00001" HPOS="0" VPOS="103" WIDTH="107" HEIGHT="1443"/>
			<RightMargin ID="P105_RM00001" HPOS="943" VPOS="103" WIDTH="135" HEIGHT="1443"/>
			<BottomMargin ID="P105_BM00001" HPOS="0" VPOS="1546" WIDTH="1078" HEIGHT="164"/>
			<PrintSpace ID="P105_PS00001" HPOS="107" VPOS="103" WIDTH="836" HEIGHT="1443">
				<TextBlock ID="P105_TB00003" HPOS="118" VPOS="150" WIDTH="823" HEIGHT="402" STYLEREFS="TXT_0 PAR_LEFT">
					<TextLine ID="P105_TL00003" HPOS="120" VPOS="150" WIDTH="821" HEIGHT="48">
						<String ID="P105_ST00005" HPOS="120" VPOS="150" WIDTH="55" HEIGHT="33" CONTENT="her" WC="0.54" CC="706"/>
						<SP ID="P105_SP00003" HPOS="175" VPOS="183" WIDTH="17"/>
						<String ID="P105_ST00006" HPOS="192" VPOS="154" WIDTH="122" HEIGHT="41" CONTENT="enough" WC="0.70" CC="030707"/>
						<SP ID="P105_SP00004" HPOS="314" VPOS="195" WIDTH="16"/>
						<String ID="P105_ST00007" HPOS="330" VPOS="159" WIDTH="33" HEIGHT="28" CONTENT="to" WC="0.80" CC="03"/>
						<SP ID="P105_SP00005" HPOS="363" VPOS="195" WIDTH="22"/>
						<String ID="P105_ST00008" HPOS="385" VPOS="155" WIDTH="57" HEIGHT="32" CONTENT="call" WC="0.75" CC="0063"/>
						<SP ID="P105_SP00006" HPOS="442" VPOS="195" WIDTH="21"/>
						<String ID="P105_ST00009" HPOS="463" VPOS="155" WIDTH="54" HEIGHT="33" CONTENT="her" WC="0.75" CC="700"/>
						<SP ID="P105_SP00007" HPOS="517" VPOS="195" WIDTH="20"/>
						<String ID="P105_ST00010" HPOS="537" VPOS="156" WIDTH="195" HEIGHT="32" CONTENT="unfortunate" WC="0.76" CC="63006060040"/>
						<SP ID="P105_SP00008" HPOS="732" VPOS="195" WIDTH="9"/>
						<String ID="P105_ST00011" HPOS="741" VPOS="158" WIDTH="14" HEIGHT="30" CONTENT="?" WC="1.00" CC="0"/>
						<SP ID="P105_SP00009" HPOS="755" VPOS="195" WIDTH="44"/>
						<String ID="P105_ST00012" HPOS="799" VPOS="156" WIDTH="55" HEIGHT="42" CONTENT="My" WC="1.00" CC="00"/>
						<SP ID="P105_SP00010" HPOS="854" VPOS="198" WIDTH="17"/>
						<String ID="P105_ST00013" HPOS="871" VPOS="156" WIDTH="70" HEIGHT="32" CONTENT="dear" WC="0.79" CC="0080"/>
					</TextLine>
					<TextLine ID="P105_TL00004" HPOS="119" VPOS="213" WIDTH="822" HEIGHT="47">
						<String ID="P105_ST00014" HPOS="119" VPOS="213" WIDTH="167" HEIGHT="43" CONTENT="Marquise," WC="0.65" CC="066066401"/>
						<SP ID="P105_SP00011" HPOS="286" VPOS="256" WIDTH="11"/>
						<String ID="P105_ST00015" HPOS="297" VPOS="216" WIDTH="16" HEIGHT="31" CONTENT="I" WC="0.62" CC="3"/>
						<SP ID="P105_SP00012" HPOS="313" VPOS="256" WIDTH="13"/>
						<String ID="P105_ST00016" HPOS="326" VPOS="221" WIDTH="120" HEIGHT="28" CONTENT="entreat" WC="0.75" CC="0104092"/>
						<SP ID="P105_SP00013" HPOS="446" VPOS="256" WIDTH="16"/>
						<String ID="P105_ST00017" HPOS="462" VPOS="217" WIDTH="34" HEIGHT="32" CONTENT="of" WC="1.00" CC="00"/>
						<SP ID="P105_SP00014" HPOS="496" VPOS="256" WIDTH="8"/>
						<String ID="P105_ST00018" HPOS="504" VPOS="229" WIDTH="60" HEIGHT="31" CONTENT="you" WC="0.76" CC="007"/>
						<SP ID="P105_SP00015" HPOS="564" VPOS="260" WIDTH="13"/>
						<String ID="P105_ST00019" HPOS="577" VPOS="222" WIDTH="30" HEIGHT="27" CONTENT="to" WC="0.82" CC="03"/>
						<SP ID="P105_SP00016" HPOS="607" VPOS="260" WIDTH="18"/>
						<String ID="P105_ST00020" HPOS="625" VPOS="218" WIDTH="115" HEIGHT="42" CONTENT="forgive" WC="0.80" CC="0070600"/>
						<SP ID="P105_SP00017" HPOS="740" VPOS="260" WIDTH="16"/>
						<String ID="P105_ST00021" HPOS="756" VPOS="229" WIDTH="58" HEIGHT="29" CONTENT="me," WC="0.95" CC="001"/>
						<SP ID="P105_SP00018" HPOS="814" VPOS="260" WIDTH="17"/>
						<String ID="P105_ST00022" HPOS="831" VPOS="217" WIDTH="56" HEIGHT="32" CONTENT="but" WC="0.53" CC="760"/>
						<SP ID="P105_SP00019" HPOS="887" VPOS="260" WIDTH="16"/>
						<String ID="P105_ST00023" HPOS="903" VPOS="217" WIDTH="38" HEIGHT="32" CONTENT="do" WC="0.97" CC="00"/>
					</TextLine>
					<TextLine ID="P105_TL00005" HPOS="120" VPOS="277" WIDTH="821" HEIGHT="43">
						<String ID="P105_ST00024" HPOS="120" VPOS="286" WIDTH="61" HEIGHT="29" CONTENT="you" WC="0.76" CC="007"/>
						<SP ID="P105_SP00020" HPOS="181" VPOS="315" WIDTH="24"/>
						<String ID="P105_ST00025" HPOS="205" VPOS="277" WIDTH="91" HEIGHT="31" CONTENT="make" WC="1.00" CC="0000"/>
						<SP ID="P105_SP00021" HPOS="296" VPOS="315" WIDTH="25"/>
						<String ID="P105_ST00026" HPOS="321" VPOS="289" WIDTH="77" HEIGHT="30" CONTENT="your" WC="0.64" CC="0265"/>
						<SP ID="P105_SP00022" HPOS="398" VPOS="319" WIDTH="31"/>
						<String ID="P105_ST00027" HPOS="429" VPOS="277" WIDTH="121" HEIGHT="43" CONTENT="inquiry" WC="0.75" CC="4006510"/>
						<SP ID="P105_SP00023" HPOS="550" VPOS="320" WIDTH="30"/>
						<String ID="P105_ST00028" HPOS="580" VPOS="278" WIDTH="34" HEIGHT="32" CONTENT="of" WC="1.00" CC="00"/>
						<SP ID="P105_SP00024" HPOS="614" VPOS="320" WIDTH="25"/>
						<String ID="P105_ST00029" HPOS="639" VPOS="290" WIDTH="49" HEIGHT="20" CONTENT="me" WC="1.00" CC="00"/>
						<SP ID="P105_SP00025" HPOS="688" VPOS="320" WIDTH="26"/>
						<String ID="P105_ST00030" HPOS="714" VPOS="278" WIDTH="115" HEIGHT="42" CONTENT="merely" WC="0.79" CC="006060"/>
						<SP ID="P105_SP00026" HPOS="829" VPOS="320" WIDTH="31"/>
						<String ID="P105_ST00031" HPOS="860" VPOS="289" WIDTH="33" HEIGHT="21" CONTENT="as" WC="0.63" CC="25"/>
						<SP ID="P105_SP00027" HPOS="893" VPOS="320" WIDTH="32"/>
						<String ID="P105_ST00032" HPOS="925" VPOS="290" WIDTH="16" HEIGHT="20" CONTENT="a" WC="1.00" CC="0"/>
					</TextLine>
					<TextLine ID="P105_TL00006" HPOS="119" VPOS="337" WIDTH="822" HEIGHT="45">
						<String ID="P105_ST00033" HPOS="119" VPOS="342" WIDTH="89" HEIGHT="35" CONTENT="great" WC="0.80" CC="09000"/>
						<SP ID="P105_SP00028" HPOS="208" VPOS="377" WIDTH="30"/>
						<String ID="P105_ST00034" HPOS="238" VPOS="337" WIDTH="71" HEIGHT="43" CONTENT="lady" WC="1.00" CC="0000"/>
						<SP ID="P105_SP00029" HPOS="309" VPOS="380" WIDTH="31"/>
						<String ID="P105_ST00035" HPOS="340" VPOS="338" WIDTH="69" HEIGHT="32" CONTENT="who" WC="0.76" CC="070"/>
						<SP ID="P105_SP00030" HPOS="409" VPOS="380" WIDTH="31"/>
						<String ID="P105_ST00036" HPOS="440" VPOS="339" WIDTH="109" HEIGHT="31" CONTENT="wishes" WC="0.74" CC="043700"/>
						<SP ID="P105_SP00031" HPOS="549" VPOS="380" WIDTH="29"/>
						<String ID="P105_ST00037" HPOS="578" VPOS="344" WIDTH="32" HEIGHT="26" CONTENT="to" WC="0.66" CC="60"/>
						<SP ID="P105_SP00032" HPOS="610" VPOS="380" WIDTH="31"/>
						<String ID="P105_ST00038" HPOS="641" VPOS="340" WIDTH="90" HEIGHT="31" CONTENT="know" WC="0.86" CC="0130"/>
						<SP ID="P105_SP00033" HPOS="731" VPOS="380" WIDTH="38"/>
						<String ID="P105_ST00039" HPOS="769" VPOS="339" WIDTH="172" HEIGHT="43" CONTENT="something" WC="0.84" CC="120107010"/>
					</TextLine>
					<TextLine ID="P105_TL00007" HPOS="120" VPOS="398" WIDTH="821" HEIGHT="44">
						<String ID="P105_ST00040" HPOS="120" VPOS="398" WIDTH="94" HEIGHT="32" CONTENT="about" WC="0.86" CC="00060"/>
						<SP ID="P105_SP00034" HPOS="214" VPOS="430" WIDTH="21"/>
						<String ID="P105_ST00041" HPOS="235" VPOS="398" WIDTH="52" HEIGHT="33" CONTENT="the" WC="0.66" CC="270"/>
						<SP ID="P105_SP00035" HPOS="287" VPOS="431" WIDTH="26"/>
						<String ID="P105_ST00042" HPOS="313" VPOS="411" WIDTH="144" HEIGHT="21" CONTENT="manners" WC="0.57" CC="0865054"/>
						<SP ID="P105_SP00036" HPOS="457" VPOS="432" WIDTH="22"/>
						<String ID="P105_ST00043" HPOS="479" VPOS="401" WIDTH="61" HEIGHT="30" CONTENT="and" WC="0.84" CC="040"/>
						<SP ID="P105_SP00037" HPOS="540" VPOS="432" WIDTH="23"/>
						<String ID="P105_ST00044" HPOS="563" VPOS="412" WIDTH="84" HEIGHT="30" CONTENT="ways" WC="0.94" CC="0002"/>
						<SP ID="P105_SP00038" HPOS="647" VPOS="442" WIDTH="17"/>
						<String ID="P105_ST00045" HPOS="664" VPOS="401" WIDTH="34" HEIGHT="31" CONTENT="of" WC="0.91" CC="01"/>
						<SP ID="P105_SP00039" HPOS="698" VPOS="442" WIDTH="19"/>
						<String ID="P105_ST00046" HPOS="717" VPOS="401" WIDTH="85" HEIGHT="32" CONTENT="these" WC="0.80" CC="07020"/>
						<SP ID="P105_SP00040" HPOS="802" VPOS="442" WIDTH="25"/>
						<String ID="P105_ST00047" HPOS="827" VPOS="402" WIDTH="114" HEIGHT="31" CONTENT="Dames" WC="0.68" CC="00851"/>
					</TextLine>
					<TextLine ID="P105_TL00008" HPOS="119" VPOS="459" WIDTH="822" HEIGHT="44">
						<String ID="P105_ST00048" HPOS="119" VPOS="470" WIDTH="65" HEIGHT="21" CONTENT="aux" WC="0.43" CC="690"/>
						<SP ID="P105_SP00041" HPOS="184" VPOS="491" WIDTH="34"/>
						<String ID="P105_ST00049" HPOS="218" VPOS="459" WIDTH="164" HEIGHT="42" CONTENT="Camelias," WC="0.67" CC="509800302"/>
						<SP ID="P105_SP00042" HPOS="382" VPOS="501" WIDTH="26"/>
						<String ID="P105_ST00050" HPOS="408" VPOS="473" WIDTH="34" HEIGHT="19" CONTENT="or" WC="0.59" CC="16"/>
						<SP ID="P105_SP00043" HPOS="442" VPOS="501" WIDTH="26"/>
						<String ID="P105_ST00051" HPOS="468" VPOS="462" WIDTH="38" HEIGHT="31" CONTENT="do" WC="0.97" CC="00"/>
						<SP ID="P105_SP00044" HPOS="506" VPOS="501" WIDTH="21"/>
						<String ID="P105_ST00052" HPOS="527" VPOS="474" WIDTH="61" HEIGHT="29" CONTENT="you" WC="0.73" CC="025"/>
						<SP ID="P105_SP00045" HPOS="588" VPOS="503" WIDTH="28"/>
						<String ID="P105_ST00053" HPOS="616" VPOS="462" WIDTH="94" HEIGHT="41" CONTENT="speak" WC="0.91" CC="40000"/>
						<SP ID="P105_SP00046" HPOS="710" VPOS="503" WIDTH="25"/>
						<String ID="P105_ST00054" HPOS="735" VPOS="467" WIDTH="32" HEIGHT="26" CONTENT="to" WC="0.63" CC="70"/>
						<SP ID="P105_SP00047" HPOS="767" VPOS="503" WIDTH="27"/>
						<String ID="P105_ST00055" HPOS="794" VPOS="475" WIDTH="49" HEIGHT="19" CONTENT="me" WC="1.00" CC="00"/>
						<SP ID="P105_SP00048" HPOS="843" VPOS="503" WIDTH="24"/>
						<String ID="P105_ST00056" HPOS="867" VPOS="475" WIDTH="34" HEIGHT="19" CONTENT="as" WC="0.83" CC="03"/>
						<SP ID="P105_SP00049" HPOS="901" VPOS="503" WIDTH="23"/>
						<String ID="P105_ST00057" HPOS="924" VPOS="475" WIDTH="17" HEIGHT="19" CONTENT="a" WC="0.03" CC="9"/>
					</TextLine>
					<TextLine ID="P105_TL00009" HPOS="120" VPOS="520" WIDTH="210" HEIGHT="32">
						<String ID="P105_ST00058" HPOS="120" VPOS="520" WIDTH="155" HEIGHT="32" CONTENT="Christian" WC="0.59" CC="376610424"/>
						<SP ID="P105_SP00050" HPOS="275" VPOS="552" WIDTH="12"/>
						<String ID="P105_ST00059" HPOS="287" VPOS="523" WIDTH="15" HEIGHT="29" CONTENT="?" WC="1.00" CC="0"/>
						<SP ID="P105_SP00051" HPOS="302" VPOS="552" WIDTH="11"/>
						<String ID="P105_ST00060" HPOS="313" VPOS="523" WIDTH="17" HEIGHT="11" CONTENT='"' WC="0.65" CC="3"/>
					</TextLine>
				</TextBlock>
				<TextBlock ID="P105_TB00004" HPOS="115" VPOS="582" WIDTH="828" HEIGHT="225" STYLEREFS="TXT_0 PAR_LEFT">
					<TextLine ID="P105_TL00010" HPOS="164" VPOS="582" WIDTH="777" HEIGHT="42">
						<String ID="P105_ST00061" HPOS="164" VPOS="582" WIDTH="17" HEIGHT="15" CONTENT='"' WC="0.53" CC="4"/>
						<SP ID="P105_SP00052" HPOS="181" VPOS="597" WIDTH="11"/>
						<String ID="P105_ST00062" HPOS="192" VPOS="582" WIDTH="16" HEIGHT="31" CONTENT="I" WC="0.91" CC="0"/>
						<SP ID="P105_SP00053" HPOS="208" VPOS="613" WIDTH="27"/>
						<String ID="P105_ST00063" HPOS="235" VPOS="583" WIDTH="96" HEIGHT="41" CONTENT="speak" WC="0.88" CC="50000"/>
						<SP ID="P105_SP00054" HPOS="331" VPOS="624" WIDTH="26"/>
						<String ID="P105_ST00064" HPOS="357" VPOS="587" WIDTH="32" HEIGHT="27" CONTENT="to" WC="1.00" CC="00"/>
						<SP ID="P105_SP00055" HPOS="389" VPOS="624" WIDTH="16"/>
						<String ID="P105_ST00065" HPOS="405" VPOS="595" WIDTH="61" HEIGHT="29" CONTENT="you" WC="0.80" CC="005"/>
						<SP ID="P105_SP00056" HPOS="466" VPOS="624" WIDTH="24"/>
						<String ID="P105_ST00066" HPOS="490" VPOS="595" WIDTH="33" HEIGHT="19" CONTENT="as" WC="0.45" CC="82"/>
						<SP ID="P105_SP00057" HPOS="523" VPOS="624" WIDTH="28"/>
						<String ID="P105_ST00067" HPOS="551" VPOS="595" WIDTH="17" HEIGHT="19" CONTENT="a" WC="1.00" CC="0"/>
						<SP ID="P105_SP00058" HPOS="568" VPOS="624" WIDTH="16"/>
						<String ID="P105_ST00068" HPOS="584" VPOS="583" WIDTH="182" HEIGHT="41" CONTENT='Christian,"' WC="0.59" CC="47652060613"/>
						<SP ID="P105_SP00059" HPOS="766" VPOS="624" WIDTH="18"/>
						<String ID="P105_ST00069" HPOS="784" VPOS="585" WIDTH="157" HEIGHT="31" CONTENT="answered" WC="0.80" CC="07400400"/>
					</TextLine>
					<TextLine ID="P105_TL00011" HPOS="120" VPOS="642" WIDTH="817" HEIGHT="43">
						<String ID="P105_ST00070" HPOS="120" VPOS="642" WIDTH="100" HEIGHT="32" CONTENT="Claire" WC="0.57" CC="657060"/>
						<SP ID="P105_SP00060" HPOS="220" VPOS="674" WIDTH="17"/>
						<String ID="P105_ST00071" HPOS="237" VPOS="643" WIDTH="30" HEIGHT="31" CONTENT="in" WC="0.35" CC="57"/>
						<SP ID="P105_SP00061" HPOS="267" VPOS="674" WIDTH="17"/>
						<String ID="P105_ST00072" HPOS="284" VPOS="656" WIDTH="18" HEIGHT="19" CONTENT="a" WC="1.00" CC="0"/>
						<SP ID="P105_SP00062" HPOS="302" VPOS="675" WIDTH="16"/>
						<String ID="P105_ST00073" HPOS="318" VPOS="644" WIDTH="58" HEIGHT="31" CONTENT="low" WC="0.79" CC="600"/>
						<SP ID="P105_SP00063" HPOS="376" VPOS="675" WIDTH="14"/>
						<String ID="P105_ST00074" HPOS="390" VPOS="648" WIDTH="81" HEIGHT="36" CONTENT="tone," WC="0.83" CC="00601"/>
						<SP ID="P105_SP00064" HPOS="471" VPOS="684" WIDTH="18"/>
						<String ID="P105_ST00075" HPOS="489" VPOS="644" WIDTH="60" HEIGHT="31" CONTENT="and" WC="0.75" CC="070"/>
						<SP ID="P105_SP00065" HPOS="549" VPOS="684" WIDTH="15"/>
						<String ID="P105_ST00076" HPOS="564" VPOS="644" WIDTH="74" HEIGHT="31" CONTENT="with" WC="0.66" CC="0607"/>
						<SP ID="P105_SP00066" HPOS="638" VPOS="684" WIDTH="21"/>
						<String ID="P105_ST00077" HPOS="659" VPOS="656" WIDTH="40" HEIGHT="19" CONTENT="an" WC="0.69" CC="06"/>
						<SP ID="P105_SP00067" HPOS="699" VPOS="684" WIDTH="16"/>
						<String ID="P105_ST00078" HPOS="715" VPOS="649" WIDTH="117" HEIGHT="27" CONTENT="earnest" WC="0.65" CC="0067064"/>
						<SP ID="P105_SP00068" HPOS="832" VPOS="684" WIDTH="16"/>
						<String ID="P105_ST00079" HPOS="848" VPOS="645" WIDTH="69" HEIGHT="31" CONTENT="look" WC="0.80" CC="4300"/>
						<SP ID="P105_SP00069" HPOS="917" VPOS="684" WIDTH="14"/>
						<String ID="P105_ST00080" HPOS="931" VPOS="658" WIDTH="6" HEIGHT="27" CONTENT=";" WC="0.40" CC="5"/>
					</TextLine>
					<TextLine ID="P105_TL00012" HPOS="119" VPOS="704" WIDTH="824" HEIGHT="44">
						<String ID="P105_ST00081" HPOS="119" VPOS="705" WIDTH="17" HEIGHT="13" CONTENT='"' WC="0.67" CC="3"/>
						<SP ID="P105_SP00070" HPOS="136" VPOS="718" WIDTH="13"/>
						<String ID="P105_ST00082" HPOS="149" VPOS="704" WIDTH="47" HEIGHT="32" CONTENT="for" WC="0.67" CC="305"/>
						<SP ID="P105_SP00071" HPOS="196" VPOS="736" WIDTH="16"/>
						<String ID="P105_ST00083" HPOS="212" VPOS="717" WIDTH="33" HEIGHT="19" CONTENT="as" WC="0.94" CC="01"/>
						<SP ID="P105_SP00072" HPOS="245" VPOS="736" WIDTH="24"/>
						<String ID="P105_ST00084" HPOS="269" VPOS="717" WIDTH="17" HEIGHT="20" CONTENT="a" WC="1.00" CC="0"/>
						<SP ID="P105_SP00073" HPOS="286" VPOS="737" WIDTH="24"/>
						<String ID="P105_ST00085" HPOS="310" VPOS="706" WIDTH="154" HEIGHT="32" CONTENT="Christian" WC="0.51" CC="673151387"/>
						<SP ID="P105_SP00074" HPOS="464" VPOS="738" WIDTH="16"/>
						<String ID="P105_ST00086" HPOS="480" VPOS="707" WIDTH="15" HEIGHT="30" CONTENT="I" WC="1.00" CC="0"/>
						<SP ID="P105_SP00075" HPOS="495" VPOS="738" WIDTH="24"/>
						<String ID="P105_ST00087" HPOS="519" VPOS="717" WIDTH="49" HEIGHT="20" CONTENT="am" WC="1.00" CC="00"/>
						<SP ID="P105_SP00076" HPOS="568" VPOS="738" WIDTH="24"/>
						<String ID="P105_ST00088" HPOS="592" VPOS="706" WIDTH="149" HEIGHT="42" CONTENT="seriously" WC="0.69" CC="105506060"/>
						<SP ID="P105_SP00077" HPOS="741" VPOS="748" WIDTH="16"/>
						<String ID="P105_ST00089" HPOS="757" VPOS="706" WIDTH="136" HEIGHT="32" CONTENT="desirous" WC="0.70" CC="00660072"/>
						<SP ID="P105_SP00078" HPOS="893" VPOS="748" WIDTH="16"/>
						<String ID="P105_ST00090" HPOS="909" VPOS="707" WIDTH="34" HEIGHT="32" CONTENT="of" WC="0.86" CC="02"/>
					</TextLine>
					<TextLine ID="P105_TL00013" HPOS="116" VPOS="766" WIDTH="683" HEIGHT="41">
						<String ID="P105_ST00091" HPOS="116" VPOS="766" WIDTH="148" HEIGHT="41" CONTENT="knowing" WC="0.74" CC="0700550"/>
						<SP ID="P105_SP00079" HPOS="264" VPOS="807" WIDTH="15"/>
						<String ID="P105_ST00092" HPOS="279" VPOS="767" WIDTH="84" HEIGHT="32" CONTENT="what" WC="0.80" CC="0700"/>
						<SP ID="P105_SP00080" HPOS="363" VPOS="807" WIDTH="16"/>
						<String ID="P105_ST00093" HPOS="379" VPOS="773" WIDTH="31" HEIGHT="26" CONTENT="to" WC="0.84" CC="30"/>
						<SP ID="P105_SP00081" HPOS="410" VPOS="807" WIDTH="16"/>
						<String ID="P105_ST00094" HPOS="426" VPOS="767" WIDTH="90" HEIGHT="32" CONTENT="think" WC="0.68" CC="07530"/>
						<SP ID="P105_SP00082" HPOS="516" VPOS="807" WIDTH="17"/>
						<String ID="P105_ST00095" HPOS="533" VPOS="767" WIDTH="33" HEIGHT="32" CONTENT="of" WC="0.80" CC="40"/>
						<SP ID="P105_SP00083" HPOS="566" VPOS="807" WIDTH="7"/>
						<String ID="P105_ST00096" HPOS="573" VPOS="767" WIDTH="60" HEIGHT="32" CONTENT="this" WC="0.50" CC="2753"/>
						<SP ID="P105_SP00084" HPOS="633" VPOS="807" WIDTH="16"/>
						<String ID="P105_ST00097" HPOS="649" VPOS="768" WIDTH="150" HEIGHT="31" CONTENT='woman."' WC="0.85" CC="0000703"/>
					</TextLine>
				</TextBlock>
				<TextBlock ID="P105_TB00005" HPOS="107" VPOS="827" WIDTH="830" HEIGHT="719" STYLEREFS="TXT_0 PAR_LEFT">
					<TextLine ID="P105_TL00014" HPOS="160" VPOS="827" WIDTH="776" HEIGHT="42">
						<String ID="P105_ST00098" HPOS="160" VPOS="828" WIDTH="17" HEIGHT="13" CONTENT='"' WC="0.78" CC="2"/>
						<SP ID="P105_SP00085" HPOS="177" VPOS="841" WIDTH="13"/>
						<String ID="P105_ST00099" HPOS="190" VPOS="827" WIDTH="99" HEIGHT="32" CONTENT="There" WC="0.85" CC="07000"/>
						<SP ID="P105_SP00086" HPOS="289" VPOS="859" WIDTH="31"/>
						<String ID="P105_ST00100" HPOS="320" VPOS="827" WIDTH="26" HEIGHT="31" CONTENT="is" WC="0.64" CC="15"/>
						<SP ID="P105_SP00087" HPOS="346" VPOS="859" WIDTH="29"/>
						<String ID="P105_ST00101" HPOS="375" VPOS="828" WIDTH="56" HEIGHT="31" CONTENT="but" WC="0.62" CC="172"/>
						<SP ID="P105_SP00088" HPOS="431" VPOS="859" WIDTH="24"/>
						<String ID="P105_ST00102" HPOS="455" VPOS="828" WIDTH="76" HEIGHT="31" CONTENT="little" WC="0.85" CC="010060"/>
						<SP ID="P105_SP00089" HPOS="531" VPOS="859" WIDTH="25"/>
						<String ID="P105_ST00103" HPOS="556" VPOS="833" WIDTH="33" HEIGHT="26" CONTENT="to" WC="0.88" CC="20"/>
						<SP ID="P105_SP00090" HPOS="589" VPOS="859" WIDTH="30"/>
						<String ID="P105_ST00104" HPOS="619" VPOS="840" WIDTH="54" HEIGHT="29" CONTENT="say" WC="0.81" CC="500"/>
						<SP ID="P105_SP00091" HPOS="673" VPOS="869" WIDTH="29"/>
						<String ID="P105_ST00105" HPOS="702" VPOS="828" WIDTH="33" HEIGHT="31" CONTENT="of" WC="1.00" CC="00"/>
						<SP ID="P105_SP00092" HPOS="735" VPOS="869" WIDTH="20"/>
						<String ID="P105_ST00106" HPOS="755" VPOS="828" WIDTH="55" HEIGHT="32" CONTENT="her" WC="0.50" CC="707"/>
						<SP ID="P105_SP00093" HPOS="810" VPOS="869" WIDTH="24"/>
						<String ID="P105_ST00107" HPOS="834" VPOS="840" WIDTH="33" HEIGHT="20" CONTENT="as" WC="0.72" CC="05"/>
						<SP ID="P105_SP00094" HPOS="867" VPOS="869" WIDTH="31"/>
						<String ID="P105_ST00108" HPOS="898" VPOS="840" WIDTH="38" HEIGHT="19" CONTENT="an" WC="0.75" CC="04"/>
					</TextLine>
					<TextLine ID="P105_TL00015" HPOS="114" VPOS="888" WIDTH="823" HEIGHT="43">
						<String ID="P105_ST00109" HPOS="114" VPOS="888" WIDTH="199" HEIGHT="41" CONTENT='individual,"' WC="0.71" CC="640403070134"/>
						<SP ID="P105_SP00095" HPOS="313" VPOS="929" WIDTH="19"/>
						<String ID="P105_ST00110" HPOS="332" VPOS="889" WIDTH="65" HEIGHT="31" CONTENT="said" WC="0.78" CC="5020"/>
						<SP ID="P105_SP00096" HPOS="397" VPOS="929" WIDTH="12"/>
						<String ID="P105_ST00111" HPOS="409" VPOS="889" WIDTH="99" HEIGHT="31" CONTENT="Henri" WC="0.51" CC="60745"/>
						<SP ID="P105_SP00097" HPOS="508" VPOS="929" WIDTH="15"/>
						<String ID="P105_ST00112" HPOS="523" VPOS="890" WIDTH="128" HEIGHT="40" CONTENT="Dupont" WC="0.80" CC="050060"/>
						<String ID="P105_ST00113" HPOS="663" VPOS="902" WIDTH="6" HEIGHT="26" CONTENT=";" WC="0.77" CC="2"/>
						<SP ID="P105_SP00098" HPOS="669" VPOS="930" WIDTH="20"/>
						<String ID="P105_ST00114" HPOS="689" VPOS="890" WIDTH="16" HEIGHT="13" CONTENT='"' WC="0.55" CC="4"/>
						<SP ID="P105_SP00099" HPOS="705" VPOS="930" WIDTH="12"/>
						<String ID="P105_ST00115" HPOS="717" VPOS="889" WIDTH="53" HEIGHT="32" CONTENT="she" WC="0.57" CC="570"/>
						<SP ID="P105_SP00100" HPOS="770" VPOS="930" WIDTH="16"/>
						<String ID="P105_ST00116" HPOS="786" VPOS="889" WIDTH="26" HEIGHT="31" CONTENT="is" WC="0.42" CC="65"/>
						<SP ID="P105_SP00101" HPOS="812" VPOS="930" WIDTH="9"/>
						<String ID="P105_ST00117" HPOS="821" VPOS="890" WIDTH="116" HEIGHT="41" CONTENT="merely" WC="0.89" CC="006000"/>
					</TextLine>
					<TextLine ID="P105_TL00016" HPOS="114" VPOS="950" WIDTH="823" HEIGHT="43">
						<String ID="P105_ST00118" HPOS="114" VPOS="961" WIDTH="58" HEIGHT="20" CONTENT="one" WC="0.84" CC="220"/>
						<SP ID="P105_SP00102" HPOS="172" VPOS="981" WIDTH="28"/>
						<String ID="P105_ST00119" HPOS="200" VPOS="950" WIDTH="34" HEIGHT="32" CONTENT="of" WC="0.93" CC="01"/>
						<SP ID="P105_SP00103" HPOS="234" VPOS="982" WIDTH="19"/>
						<String ID="P105_ST00120" HPOS="253" VPOS="950" WIDTH="55" HEIGHT="31" CONTENT="her" WC="0.76" CC="700"/>
						<SP ID="P105_SP00104" HPOS="308" VPOS="982" WIDTH="27"/>
						<String ID="P105_ST00121" HPOS="335" VPOS="950" WIDTH="75" HEIGHT="31" CONTENT="kind" WC="0.72" CC="0550"/>
						<String ID="P105_ST00122" HPOS="422" VPOS="963" WIDTH="6" HEIGHT="27" CONTENT=";" WC="0.80" CC="1"/>
						<SP ID="P105_SP00105" HPOS="428" VPOS="990" WIDTH="25"/>
						<String ID="P105_ST00123" HPOS="453" VPOS="961" WIDTH="18" HEIGHT="20" CONTENT="a" WC="1.00" CC="0"/>
						<SP ID="P105_SP00106" HPOS="471" VPOS="990" WIDTH="21"/>
						<String ID="P105_ST00124" HPOS="492" VPOS="950" WIDTH="74" HEIGHT="31" CONTENT="kind" WC="0.69" CC="0560"/>
						<SP ID="P105_SP00107" HPOS="566" VPOS="990" WIDTH="24"/>
						<String ID="P105_ST00125" HPOS="590" VPOS="950" WIDTH="76" HEIGHT="40" CONTENT="that," WC="0.70" CC="07042"/>
						<SP ID="P105_SP00108" HPOS="666" VPOS="990" WIDTH="28"/>
						<String ID="P105_ST00126" HPOS="694" VPOS="950" WIDTH="104" HEIGHT="32" CONTENT="unless" WC="0.64" CC="670025"/>
						<SP ID="P105_SP00109" HPOS="798" VPOS="990" WIDTH="23"/>
						<String ID="P105_ST00127" HPOS="821" VPOS="950" WIDTH="116" HEIGHT="43" CONTENT="societ}*" WC="0.65" CC="50050087"/>
					</TextLine>
					<TextLine ID="P105_TL00017" HPOS="114" VPOS="1011" WIDTH="823" HEIGHT="42">
						<String ID="P105_ST00128" HPOS="114" VPOS="1023" WIDTH="74" HEIGHT="30" CONTENT="goes" WC="0.86" CC="0005"/>
						<SP ID="P105_SP00110" HPOS="188" VPOS="1053" WIDTH="27"/>
						<String ID="P105_ST00129" HPOS="215" VPOS="1016" WIDTH="31" HEIGHT="27" CONTENT="to" WC="0.94" CC="10"/>
						<SP ID="P105_SP00111" HPOS="246" VPOS="1053" WIDTH="17"/>
						<String ID="P105_ST00130" HPOS="263" VPOS="1011" WIDTH="84" HEIGHT="32" CONTENT="work" WC="0.93" CC="0020"/>
						<SP ID="P105_SP00112" HPOS="347" VPOS="1053" WIDTH="16"/>
						<String ID="P105_ST00131" HPOS="363" VPOS="1011" WIDTH="82" HEIGHT="42" CONTENT="quite" WC="0.79" CC="07200"/>
						<SP ID="P105_SP00113" HPOS="445" VPOS="1053" WIDTH="17"/>
						<String ID="P105_ST00132" HPOS="462" VPOS="1011" WIDTH="179" HEIGHT="42" CONTENT="differently," WC="0.81" CC="600000040803"/>
						<SP ID="P105_SP00114" HPOS="641" VPOS="1053" WIDTH="19"/>
						<String ID="P105_ST00133" HPOS="660" VPOS="1011" WIDTH="61" HEIGHT="31" CONTENT="will" WC="0.74" CC="0540"/>
						<SP ID="P105_SP00115" HPOS="721" VPOS="1053" WIDTH="23"/>
						<String ID="P105_ST00134" HPOS="744" VPOS="1023" WIDTH="86" HEIGHT="30" CONTENT="grow" WC="1.00" CC="0000"/>
						<SP ID="P105_SP00116" HPOS="830" VPOS="1053" WIDTH="22"/>
						<String ID="P105_ST00135" HPOS="852" VPOS="1023" WIDTH="85" HEIGHT="21" CONTENT="more" WC="0.88" CC="0102"/>
					</TextLine>
					<TextLine ID="P105_TL00018" HPOS="114" VPOS="1072" WIDTH="821" HEIGHT="43">
						<String ID="P105_ST00136" HPOS="114" VPOS="1084" WIDTH="165" HEIGHT="21" CONTENT="numerous" WC="0.53" CC="64025565"/>
						<SP ID="P105_SP00117" HPOS="279" VPOS="1105" WIDTH="23"/>
						<String ID="P105_ST00137" HPOS="302" VPOS="1072" WIDTH="78" HEIGHT="32" CONTENT="from" WC="0.61" CC="0609"/>
						<SP ID="P105_SP00118" HPOS="380" VPOS="1105" WIDTH="24"/>
						<String ID="P105_ST00138" HPOS="404" VPOS="1084" WIDTH="75" HEIGHT="30" CONTENT="year" WC="0.88" CC="0004"/>
						<SP ID="P105_SP00119" HPOS="479" VPOS="1114" WIDTH="21"/>
						<String ID="P105_ST00139" HPOS="500" VPOS="1077" WIDTH="33" HEIGHT="27" CONTENT="to" WC="1.00" CC="00"/>
						<SP ID="P105_SP00120" HPOS="533" VPOS="1114" WIDTH="16"/>
						<String ID="P105_ST00140" HPOS="549" VPOS="1084" WIDTH="73" HEIGHT="30" CONTENT="year" WC="0.86" CC="0005"/>
						<String ID="P105_ST00141" HPOS="635" VPOS="1085" WIDTH="6" HEIGHT="29" CONTENT=";" WC="1.00" CC="0"/>
						<SP ID="P105_SP00121" HPOS="641" VPOS="1114" WIDTH="25"/>
						<String ID="P105_ST00142" HPOS="666" VPOS="1072" WIDTH="55" HEIGHT="32" CONTENT="but" WC="0.42" CC="654"/>
						<SP ID="P105_SP00122" HPOS="721" VPOS="1114" WIDTH="22"/>
						<String ID="P105_ST00143" HPOS="743" VPOS="1072" WIDTH="26" HEIGHT="32" CONTENT="if" WC="0.86" CC="20"/>
						<SP ID="P105_SP00123" HPOS="769" VPOS="1114" WIDTH="24"/>
						<String ID="P105_ST00144" HPOS="793" VPOS="1085" WIDTH="60" HEIGHT="30" CONTENT="you" WC="0.73" CC="008"/>
						<SP ID="P105_SP00124" HPOS="853" VPOS="1115" WIDTH="30"/>
						<String ID="P105_ST00145" HPOS="883" VPOS="1085" WIDTH="52" HEIGHT="20" CONTENT="are" WC="0.78" CC="060"/>
					</TextLine>
					<TextLine ID="P105_TL00019" HPOS="113" VPOS="1133" WIDTH="819" HEIGHT="44">
						<String ID="P105_ST00146" HPOS="113" VPOS="1139" WIDTH="55" HEIGHT="27" CONTENT="not" WC="0.81" CC="013"/>
						<SP ID="P105_SP00125" HPOS="168" VPOS="1166" WIDTH="26"/>
						<String ID="P105_ST00147" HPOS="194" VPOS="1134" WIDTH="151" HEIGHT="43" CONTENT="prepared" WC="0.99" CC="00000000"/>
						<SP ID="P105_SP00126" HPOS="345" VPOS="1177" WIDTH="15"/>
						<String ID="P105_ST00148" HPOS="360" VPOS="1138" WIDTH="32" HEIGHT="28" CONTENT="to" WC="0.64" CC="33"/>
						<SP ID="P105_SP00127" HPOS="392" VPOS="1177" WIDTH="17"/>
						<String ID="P105_ST00149" HPOS="409" VPOS="1134" WIDTH="96" HEIGHT="32" CONTENT="admit" WC="0.78" CC="40023"/>
						<SP ID="P105_SP00128" HPOS="505" VPOS="1177" WIDTH="23"/>
						<String ID="P105_ST00150" HPOS="528" VPOS="1133" WIDTH="68" HEIGHT="33" CONTENT="that" WC="0.66" CC="0706"/>
						<SP ID="P105_SP00129" HPOS="596" VPOS="1177" WIDTH="25"/>
						<String ID="P105_ST00151" HPOS="621" VPOS="1133" WIDTH="176" HEIGHT="43" CONTENT="something" WC="0.63" CC="601157460"/>
						<SP ID="P105_SP00130" HPOS="797" VPOS="1177" WIDTH="26"/>
						<String ID="P105_ST00152" HPOS="823" VPOS="1134" WIDTH="109" HEIGHT="32" CONTENT="should" WC="0.49" CC="575740"/>
					</TextLine>
					<TextLine ID="P105_TL00020" HPOS="112" VPOS="1195" WIDTH="820" HEIGHT="32">
						<String ID="P105_ST00153" HPOS="112" VPOS="1196" WIDTH="38" HEIGHT="31" CONTENT="be" WC="0.64" CC="70"/>
						<SP ID="P105_SP00131" HPOS="150" VPOS="1227" WIDTH="28"/>
						<String ID="P105_ST00154" HPOS="178" VPOS="1195" WIDTH="78" HEIGHT="32" CONTENT="done" WC="0.65" CC="6150"/>
						<SP ID="P105_SP00132" HPOS="256" VPOS="1227" WIDTH="27"/>
						<String ID="P105_ST00155" HPOS="283" VPOS="1200" WIDTH="32" HEIGHT="27" CONTENT="to" WC="0.99" CC="00"/>
						<SP ID="P105_SP00133" HPOS="315" VPOS="1227" WIDTH="17"/>
						<String ID="P105_ST00156" HPOS="332" VPOS="1207" WIDTH="72" HEIGHT="20" CONTENT="save" WC="0.67" CC="5070"/>
						<SP ID="P105_SP00134" HPOS="404" VPOS="1227" WIDTH="17"/>
						<String ID="P105_ST00157" HPOS="421" VPOS="1195" WIDTH="85" HEIGHT="32" CONTENT="these" WC="0.64" CC="47050"/>
						<SP ID="P105_SP00135" HPOS="506" VPOS="1227" WIDTH="26"/>
						<String ID="P105_ST00158" HPOS="532" VPOS="1195" WIDTH="156" HEIGHT="32" CONTENT="wretched" WC="0.71" CC="06072700"/>
						<SP ID="P105_SP00136" HPOS="688" VPOS="1227" WIDTH="23"/>
						<String ID="P105_ST00159" HPOS="711" VPOS="1207" WIDTH="120" HEIGHT="20" CONTENT="women" WC="0.95" CC="02000"/>
						<SP ID="P105_SP00137" HPOS="831" VPOS="1227" WIDTH="27"/>
						<String ID="P105_ST00160" HPOS="858" VPOS="1208" WIDTH="34" HEIGHT="19" CONTENT="as" WC="0.72" CC="05"/>
						<SP ID="P105_SP00138" HPOS="892" VPOS="1227" WIDTH="23"/>
						<String ID="P105_ST00161" HPOS="915" VPOS="1208" WIDTH="17" HEIGHT="19" CONTENT="a" WC="1.00" CC="0"/>
					</TextLine>
					<TextLine ID="P105_TL00021" HPOS="112" VPOS="1257" WIDTH="821" HEIGHT="41">
						<String ID="P105_ST00162" HPOS="112" VPOS="1258" WIDTH="87" HEIGHT="40" CONTENT="class," WC="0.77" CC="060051"/>
						<SP ID="P105_SP00139" HPOS="199" VPOS="1298" WIDTH="26"/>
						<String ID="P105_ST00163" HPOS="225" VPOS="1258" WIDTH="16" HEIGHT="31" CONTENT="I" WC="0.69" CC="3"/>
						<SP ID="P105_SP00140" HPOS="241" VPOS="1298" WIDTH="27"/>
						<String ID="P105_ST00164" HPOS="268" VPOS="1257" WIDTH="109" HEIGHT="32" CONTENT="should" WC="0.53" CC="561760"/>
						<SP ID="P105_SP00141" HPOS="377" VPOS="1298" WIDTH="22"/>
						<String ID="P105_ST00165" HPOS="399" VPOS="1257" WIDTH="38" HEIGHT="32" CONTENT="be" WC="0.68" CC="60"/>
						<SP ID="P105_SP00142" HPOS="437" VPOS="1298" WIDTH="25"/>
						<String ID="P105_ST00166" HPOS="462" VPOS="1263" WIDTH="30" HEIGHT="26" CONTENT="at" WC="1.00" CC="00"/>
						<SP ID="P105_SP00143" HPOS="492" VPOS="1298" WIDTH="24"/>
						<String ID="P105_ST00167" HPOS="516" VPOS="1269" WIDTH="18" HEIGHT="19" CONTENT="a" WC="1.00" CC="0"/>
						<SP ID="P105_SP00144" HPOS="534" VPOS="1298" WIDTH="15"/>
						<String ID="P105_ST00168" HPOS="549" VPOS="1257" WIDTH="61" HEIGHT="32" CONTENT="loss" WC="0.75" CC="3041"/>
						<SP ID="P105_SP00145" HPOS="610" VPOS="1298" WIDTH="22"/>
						<String ID="P105_ST00169" HPOS="632" VPOS="1261" WIDTH="32" HEIGHT="27" CONTENT="to" WC="0.87" CC="20"/>
						<SP ID="P105_SP00146" HPOS="664" VPOS="1298" WIDTH="25"/>
						<String ID="P105_ST00170" HPOS="689" VPOS="1257" WIDTH="83" HEIGHT="31" CONTENT="show" WC="0.68" CC="5700"/>
						<SP ID="P105_SP00147" HPOS="772" VPOS="1298" WIDTH="23"/>
						<String ID="P105_ST00171" HPOS="795" VPOS="1257" WIDTH="31" HEIGHT="31" CONTENT="in" WC="0.35" CC="57"/>
						<SP ID="P105_SP00148" HPOS="826" VPOS="1298" WIDTH="24"/>
						<String ID="P105_ST00172" HPOS="850" VPOS="1257" WIDTH="83" HEIGHT="32" CONTENT="what" WC="0.80" CC="0700"/>
					</TextLine>
					<TextLine ID="P105_TL00022" HPOS="110" VPOS="1318" WIDTH="819" HEIGHT="45">
						<String ID="P105_ST00173" HPOS="110" VPOS="1319" WIDTH="167" HEIGHT="44" CONTENT="particular" WC="0.90" CC="0002007000"/>
						<SP ID="P105_SP00149" HPOS="277" VPOS="1363" WIDTH="15"/>
						<String ID="P105_ST00174" HPOS="292" VPOS="1331" WIDTH="69" HEIGHT="30" CONTENT="way" WC="1.00" CC="000"/>
						<SP ID="P105_SP00150" HPOS="361" VPOS="1363" WIDTH="14"/>
						<String ID="P105_ST00175" HPOS="375" VPOS="1318" WIDTH="63" HEIGHT="32" CONTENT="this" WC="0.61" CC="0780"/>
						<SP ID="P105_SP00151" HPOS="438" VPOS="1363" WIDTH="17"/>
						<String ID="P105_ST00176" HPOS="455" VPOS="1330" WIDTH="57" HEIGHT="20" CONTENT="one" WC="0.75" CC="070"/>
						<SP ID="P105_SP00152" HPOS="512" VPOS="1363" WIDTH="16"/>
						<String ID="P105_ST00177" HPOS="528" VPOS="1319" WIDTH="26" HEIGHT="31" CONTENT="is" WC="0.54" CC="53"/>
						<SP ID="P105_SP00153" HPOS="554" VPOS="1363" WIDTH="17"/>
						<String ID="P105_ST00178" HPOS="571" VPOS="1318" WIDTH="163" HEIGHT="42" CONTENT="deserving" WC="0.81" CC="000060360"/>
						<SP ID="P105_SP00154" HPOS="734" VPOS="1363" WIDTH="16"/>
						<String ID="P105_ST00179" HPOS="750" VPOS="1318" WIDTH="34" HEIGHT="32" CONTENT="of" WC="1.00" CC="00"/>
						<SP ID="P105_SP00155" HPOS="784" VPOS="1363" WIDTH="10"/>
						<String ID="P105_ST00180" HPOS="794" VPOS="1318" WIDTH="135" HEIGHT="33" CONTENT="interest." WC="0.76" CC="060060260"/>
					</TextLine>
					<TextLine ID="P105_TL00023" HPOS="111" VPOS="1381" WIDTH="817" HEIGHT="41">
						<String ID="P105_ST00181" HPOS="111" VPOS="1383" WIDTH="62" HEIGHT="33" CONTENT="She" WC="0.57" CC="570"/>
						<SP ID="P105_SP00156" HPOS="173" VPOS="1416" WIDTH="16"/>
						<String ID="P105_ST00182" HPOS="189" VPOS="1382" WIDTH="25" HEIGHT="32" CONTENT="is" WC="0.48" CC="45"/>
						<SP ID="P105_SP00157" HPOS="214" VPOS="1416" WIDTH="16"/>
						<String ID="P105_ST00183" HPOS="230" VPOS="1382" WIDTH="45" HEIGHT="32" CONTENT="for" WC="0.81" CC="005"/>
						<SP ID="P105_SP00158" HPOS="275" VPOS="1416" WIDTH="16"/>
						<String ID="P105_ST00184" HPOS="291" VPOS="1381" WIDTH="53" HEIGHT="32" CONTENT="the" WC="0.75" CC="070"/>
						<SP ID="P105_SP00159" HPOS="344" VPOS="1416" WIDTH="15"/>
						<String ID="P105_ST00185" HPOS="359" VPOS="1386" WIDTH="138" HEIGHT="27" CONTENT="moment" WC="0.86" CC="000060"/>
						<SP ID="P105_SP00160" HPOS="497" VPOS="1416" WIDTH="9"/>
						<String ID="P105_ST00186" HPOS="506" VPOS="1381" WIDTH="68" HEIGHT="32" CONTENT="well" WC="0.81" CC="0034"/>
						<SP ID="P105_SP00161" HPOS="574" VPOS="1416" WIDTH="12"/>
						<String ID="P105_ST00187" HPOS="586" VPOS="1381" WIDTH="90" HEIGHT="32" CONTENT="cared" WC="0.93" CC="00300"/>
						<SP ID="P105_SP00162" HPOS="676" VPOS="1416" WIDTH="10"/>
						<String ID="P105_ST00188" HPOS="686" VPOS="1381" WIDTH="46" HEIGHT="31" CONTENT="for" WC="0.81" CC="005"/>
						<SP ID="P105_SP00163" HPOS="732" VPOS="1416" WIDTH="14"/>
						<String ID="P105_ST00189" HPOS="746" VPOS="1381" WIDTH="182" HEIGHT="41" CONTENT="materially," WC="0.76" CC="00604600601"/>
					</TextLine>
					<TextLine ID="P105_TL00024" HPOS="108" VPOS="1441" WIDTH="818" HEIGHT="45">
						<String ID="P105_ST00190" HPOS="108" VPOS="1445" WIDTH="100" HEIGHT="32" CONTENT="which" WC="0.59" CC="07507"/>
						<SP ID="P105_SP00164" HPOS="208" VPOS="1477" WIDTH="30"/>
						<String ID="P105_ST00191" HPOS="238" VPOS="1455" WIDTH="94" HEIGHT="31" CONTENT="many" WC="0.66" CC="0570"/>
						<SP ID="P105_SP00165" HPOS="332" VPOS="1486" WIDTH="25"/>
						<String ID="P105_ST00192" HPOS="357" VPOS="1442" WIDTH="155" HEIGHT="33" CONTENT="hundreds" WC="0.61" CC="76604005"/>
						<SP ID="P105_SP00166" HPOS="512" VPOS="1486" WIDTH="33"/>
						<String ID="P105_ST00193" HPOS="545" VPOS="1442" WIDTH="44" HEIGHT="43" CONTENT="(or" WC="0.65" CC="406"/>
						<SP ID="P105_SP00167" HPOS="589" VPOS="1486" WIDTH="27"/>
						<String ID="P105_ST00194" HPOS="616" VPOS="1442" WIDTH="110" HEIGHT="32" CONTENT="indeed" WC="0.91" CC="500000"/>
						<SP ID="P105_SP00168" HPOS="726" VPOS="1486" WIDTH="23"/>
						<String ID="P105_ST00195" HPOS="749" VPOS="1441" WIDTH="177" HEIGHT="41" CONTENT="thousands)" WC="0.64" CC="6605116070"/>
					</TextLine>
					<TextLine ID="P105_TL00025" HPOS="109" VPOS="1500" WIDTH="826" HEIGHT="46">
						<String ID="P105_ST00196" HPOS="109" VPOS="1507" WIDTH="34" HEIGHT="32" CONTENT="of" WC="0.82" CC="12"/>
						<SP ID="P105_SP00169" HPOS="143" VPOS="1539" WIDTH="11"/>
						<String ID="P105_ST00197" HPOS="154" VPOS="1507" WIDTH="55" HEIGHT="31" CONTENT="her" WC="0.57" CC="705"/>
						<SP ID="P105_SP00170" HPOS="209" VPOS="1539" WIDTH="14"/>
						<String ID="P105_ST00198" HPOS="223" VPOS="1505" WIDTH="118" HEIGHT="41" CONTENT="species" WC="0.89" CC="2000004"/>
						<SP ID="P105_SP00171" HPOS="341" VPOS="1546" WIDTH="16"/>
						<String ID="P105_ST00199" HPOS="357" VPOS="1516" WIDTH="52" HEIGHT="20" CONTENT="are" WC="0.81" CC="050"/>
						<SP ID="P105_SP00172" HPOS="409" VPOS="1546" WIDTH="15"/>
						<String ID="P105_ST00200" HPOS="424" VPOS="1508" WIDTH="64" HEIGHT="36" CONTENT="not," WC="0.64" CC="7033"/>
						<SP ID="P105_SP00173" HPOS="488" VPOS="1546" WIDTH="18"/>
						<String ID="P105_ST00201" HPOS="506" VPOS="1502" WIDTH="61" HEIGHT="34" CONTENT="and" WC="0.80" CC="050"/>
						<SP ID="P105_SP00174" HPOS="567" VPOS="1546" WIDTH="23"/>
						<String ID="P105_ST00202" HPOS="590" VPOS="1503" WIDTH="53" HEIGHT="32" CONTENT="she" WC="0.55" CC="570"/>
						<SP ID="P105_SP00175" HPOS="643" VPOS="1546" WIDTH="20"/>
						<String ID="P105_ST00203" HPOS="663" VPOS="1502" WIDTH="55" HEIGHT="33" CONTENT="has" WC="0.60" CC="704"/>
						<SP ID="P105_SP00176" HPOS="718" VPOS="1546" WIDTH="16"/>
						<String ID="P105_ST00204" HPOS="734" VPOS="1515" WIDTH="18" HEIGHT="20" CONTENT="a" WC="1.00" CC="0"/>
						<SP ID="P105_SP00177" HPOS="752" VPOS="1546" WIDTH="16"/>
						<String ID="P105_ST00205" HPOS="768" VPOS="1502" WIDTH="114" HEIGHT="33" CONTENT="chance" WC="0.76" CC="070600"/>
						<SP ID="P105_SP00178" HPOS="882" VPOS="1546" WIDTH="16"/>
						<String ID="P105_ST00206" HPOS="898" VPOS="1500" WIDTH="37" HEIGHT="34" CONTENT="of" WC="0.50" CC="09"/>
					</TextLine>
				</TextBlock>
			</PrintSpace>
		</Page>
	</Layout>
</alto>
