1079 1710
276 108 65 22 THE
364 110 103 20 NIGHT
490 110 39 20 OF
552 110 85 20 THAT
661 110 73 20 DAY.

861 103 51 26 257

90 177 74 33 And
184 184 54 37 yet
238 199 44 4 —
283 185 52 36 yet
357 182 82 32 what
447 183 15 32 ?
551 182 51 33 she
618 194 63 21 was
697 194 39 20 on
751 182 53 32 the
820 193 91 28 verge

91 240 35 31 of
163 243 173 41 reasoning,
378 243 35 32 of
448 243 162 43 inquiring,
652 244 60 32 and
755 243 156 32 withdrew

89 302 147 42 alarmed,
279 304 154 42 throwing
477 304 117 33 herself
634 305 78 32 back
753 305 62 32 into
856 304 54 32 her

88 364 116 33 dream.

131 425 103 41 Again
259 437 18 20 a
302 426 99 32 sound
425 427 104 32 struck
554 428 127 32 Claire's
705 439 51 20 ear
768 441 6 19 :
800 427 24 32 it
846 438 61 20 was

86 491 56 27 not
157 486 78 33 from
251 488 129 32 without
401 489 61 31 this
484 489 83 32 time.
614 490 31 30 It
661 501 63 19 was
740 501 33 19 as
789 487 118 43 though

85 547 87 33 there
188 560 81 20 were
291 549 149 42 footsteps
466 562 39 19 on
527 550 52 32 the
602 550 86 31 inner
711 550 88 31 stairs
823 549 83 31 lead-

83 609 56 41 ing
162 614 32 26 to
218 609 55 32 her
297 610 247 41 drawing-room.
590 610 99 31 There
713 622 63 19 was
799 615 33 26 at
853 609 53 32 the

83 670 121 32 bottom
224 671 34 31 of
275 671 69 32 that
367 672 143 31 staircase
526 683 19 19 a
560 671 228 31 cloth-covered
812 670 74 32 door
897 684 7 27 ;

81 731 26 32 it
130 732 123 31 seemed
277 737 31 27 to
333 732 55 32 her
412 732 67 32 that
506 732 52 32 she
585 732 95 32 heard
704 732 52 31 the
779 731 125 32 muffled

81 793 60 41 flap
168 793 34 31 of
226 793 68 32 that
324 793 82 41 door,
435 806 33 19 as
496 793 88 31 when
611 793 150 41 suddenly
785 793 118 42 opened

79 854 61 31 and
157 854 78 32 shut.
283 855 60 30 But
366 859 31 26 at
419 854 61 31 this
503 854 77 31 hour
600 854 67 31 who
690 853 109 32 should
822 866 79 29 open

77 927 34 19 or
127 915 72 31 shut
215 915 67 31 that
298 915 74 31 door
381 917 15 29 ?
418 915 71 31 who
508 914 110 32 should
634 918 82 27 want
738 918 32 27 to
793 918 106 27 mount

77 975 69 31 that
162 975 144 31 staircase
329 975 124 41 leading
477 974 71 42 only
571 979 31 26 to
626 974 55 31 her
697 986 69 19 own
782 974 116 42 private

76 1040 175 36 apartment
262 1038 15 30 ?

119 1098 67 31 The
202 1109 106 30 young
323 1097 155 42 Marquise
494 1097 61 31 had
572 1097 159 31 dismissed
746 1096 54 32 her
815 1096 80 32 maid

72 1164 33 27 at
137 1171 38 19 an
207 1159 83 41 early
314 1158 88 40 hour,
434 1158 60 31 and
524 1169 93 29 every
648 1169 56 20 one
735 1158 60 31 had
825 1170 69 19 noAV

70 1220 113 32 retired
208 1225 31 27 to
264 1224 63 27 rest
350 1220 31 31 in
405 1220 52 31 the
481 1219 91 32 hotel.
629 1219 93 32 From
748 1220 54 32 her
829 1220 63 32 side

70 1282 34 32 of
115 1282 53 32 the
185 1281 95 32 house
297 1281 131 41 nothing
442 1292 64 21 was
521 1281 95 32 heard
632 1281 34 31 of
682 1281 83 32 what
780 1281 111 43 passed

68 1346 32 31 in
116 1346 54 32 the
186 1350 94 36 court,
299 1346 60 31 and
374 1345 52 32 the
436 1346 225 41 porte-cochire
677 1346 98 41 might
791 1347 99 41 SAving

67 1420 38 20 on
132 1408 38 31 its
196 1407 117 41 hinges,
341 1406 61 32 and
427 1407 150 41 carriages
604 1407 56 31 roll
687 1408 29 30 in
741 1408 60 31 and
826 1413 61 34 out,

65 1469 61 33 and
142 1469 52 32 the
211 1469 113 31 inmate
346 1467 35 32 of
399 1468 52 31 the
472 1480 100 20 rooms
589 1469 101 40 facing
705 1469 51 31 the
772 1469 115 40 garden

64 1534 39 29 be
119 1544 79 19 none
215 1531 52 32 the
285 1530 97 33 wiser.

92 1600 50 14 VOL.
159 1599 34 15 III.

791 1599 9 12 S
