1079 1710
216 81 142 22 LIGHTLY
381 82 129 28 LOVING,
534 83 141 22 LIGHTLY
698 83 80 22 LOST.

872 77 32 25 81

83 156 55 33 she
155 157 107 32 added.
341 159 71 31 You
428 171 79 19 were
523 159 97 32 feeble
636 159 31 31 in
682 171 76 29 your
773 158 132 33 resolves

83 217 125 42 against
235 218 116 42 Victor,
376 220 56 31 but
463 232 61 29 you
555 220 89 33 made
675 220 53 32 the
760 220 143 40 sacrifice,

84 290 62 30 you
161 284 84 27 must
261 281 152 41 complete
437 281 23 31 it
483 293 77 29 now,
577 282 61 31 and
653 282 112 31 hallow
780 282 24 32 it
815 295 6 27 ;
846 282 59 32 and

85 339 32 32 in
133 352 77 30 your
224 341 102 32 future
342 342 75 31 road
433 342 132 41 through
581 343 58 40 life,
657 355 60 29 you
732 343 61 31 will
809 344 63 31 find
887 355 18 20 a

86 402 89 31 sister
191 415 40 19 on
247 403 98 32 either
370 404 71 32 side.
489 404 101 32 Claire
613 405 61 31 and
696 405 16 31 I
735 405 61 31 will
811 416 94 21 never

86 463 100 32 desert
202 475 69 30 you,
290 465 60 30 and
373 476 33 20 as
431 465 91 30 much
539 476 33 20 as
588 476 55 20 our
662 465 124 32 humble
802 465 102 33 efforts

85 537 73 29 may
180 526 88 39 avail,
294 537 47 20 we
365 526 62 31 will
449 526 72 41 help
552 537 62 30 you
636 531 30 26 to
700 526 128 43 sanctify
851 526 53 33 the

86 597 138 30 memory
247 586 34 31 of
307 586 52 31 the
391 590 77 37 past,
498 586 60 31 and
588 587 108 40 regain
727 598 77 30 your
835 598 68 20 own

129 708 112 31 Berthe
271 707 130 31 receded
423 707 78 31 from
528 708 143 31 Madame
699 708 201 31 Beaudouin's

82 769 150 39 embrace,
257 768 61 31 and
334 768 122 31 seemed
476 780 33 19 as
532 768 25 31 it
572 780 79 20 were
667 773 32 27 to
716 768 105 32 shrink
837 769 63 31 into

80 829 118 31 herself.

263 901 52 19 are
353 901 75 29 very
616 889 53 32 she
706 890 192 39 murmured;

111 961 76 30 very
202 950 83 40 kind,
304 950 60 31 and
388 950 16 31 I
427 962 49 19 am
501 951 109 41 deeply
626 951 144 32 indebted
785 956 31 26 to
839 962 59 29 you

79 1030 43 4 —
123 1012 56 30 but
202 1012 15 30 I
240 1016 112 27 cannot
377 1017 107 36 accept
505 1023 76 30 your
606 1012 87 32 offers
717 1012 34 32 of
773 1011 124 32 service.

80 1074 14 30 I
243 1073 53 32 she
323 1073 153 32 hesitated
500 1073 60 31 and
576 1073 91 31 found
682 1084 41 21 no
738 1073 99 31 words
853 1072 45 31 for

79 1134 180 43 expressing
274 1134 82 32 what
373 1134 53 32 she
442 1134 61 32 had
526 1139 32 27 to
581 1146 117 30 convey
711 1147 6 27 ;
743 1145 77 20 even
842 1133 56 32 her

79 1196 62 31 dim
164 1195 143 42 morality
327 1194 129 33 realised
471 1195 51 32 the
547 1200 104 27 extent
666 1200 32 27 to
720 1194 99 33 which
842 1194 54 32 she

77 1257 62 32 had
168 1257 78 31 been
281 1269 73 19 over
384 1256 129 32 exalted.
562 1256 61 32 She
654 1256 161 32 measured
844 1255 52 33 the

77 1319 109 41 height
210 1318 79 31 from
312 1317 100 32 which
438 1317 53 32 she
507 1329 63 20 was
595 1318 93 31 about
704 1322 31 27 to
756 1317 61 40 fall,
836 1317 59 32 and

76 1379 182 32 shuddered.

149 1442 80 39 You,
262 1441 140 42 perhaps,
435 1453 89 19 crave
555 1441 46 31 for
623 1447 80 25 utter

74 1502 161 33 remarked
258 1502 146 31 Madame
428 1502 187 39 Beaudouin,
640 1502 122 39 coming
784 1506 32 26 to
839 1500 54 31 her

130 1570 48 14 VOL.
196 1570 35 14 III.

767 1569 13 13 G
