1079 1710
866 87 51 25 109

311 94 123 21 COMING
457 95 38 20 TO
518 96 62 19 THE
603 95 102 20 POINT.

99 165 80 33 have
194 166 74 44 long
288 181 60 30 ago
370 172 66 31 told
456 184 60 30 you
541 172 83 32 what
648 172 67 32 that
740 172 33 32 is.
819 172 15 30 I
857 171 62 30 will

99 232 55 27 not
176 228 38 32 be
237 230 100 33 trifled
488 233 54 32 she
569 233 172 40 continued,
771 232 148 41 directing

99 291 134 31 towards
256 292 55 32 her
334 293 72 42 wily
430 295 174 41 antagonist
626 307 19 19 a
667 295 70 31 look
762 294 33 32 of
815 305 102 30 anger,

99 349 68 33 that
194 354 122 31 seemed
342 359 32 27 to
398 367 90 20 cause
515 368 19 19 a
557 362 97 26 secret
677 361 191 26 amusement
888 360 31 27 to

100 411 51 32 the
167 413 99 34 latter.
345 416 71 32 You
442 417 61 31 had
534 418 171 41 something
729 423 31 26 to
785 429 135 20 commu-

100 474 102 32 nicate
226 481 31 26 to
282 489 58 28 me,
359 489 33 19 or
418 490 60 30 you
503 479 101 31 would
628 484 54 26 not
706 480 77 31 have
811 479 110 41 sought

100 535 62 32 this
192 538 136 42 meeting
359 550 33 20 so
423 539 148 42 suddenly
601 540 80 40 here,
713 540 31 31 in
770 552 52 29 my
853 552 67 19 own

102 596 104 33 house.
254 598 15 31 I
285 598 61 32 will
362 599 90 31 know
468 604 31 26 at
516 611 74 19 once
606 600 82 30 what
702 600 23 30 it

146 658 65 33 The
242 659 153 43 curiously
419 661 66 30 cool
512 661 59 31 and
602 661 124 31 ironical
757 661 68 31 look
847 660 74 32 with

103 719 101 32 which
221 721 82 31 Mile,
322 721 37 31 de
370 722 213 41 Mourjonville
600 722 150 32 ventured
764 727 30 26 to
812 733 109 29 survey

103 780 54 32 her
182 787 32 25 at
243 781 61 32 this
335 788 136 26 moment
503 784 133 40 actually
668 789 49 25 cut
747 783 84 31 short
867 783 54 31 her

100 842 111 42 phrase
228 855 39 19 on
290 843 52 31 the
365 844 178 40 Dowager's
564 844 66 41 lips.
679 845 60 32 She
754 844 60 31 had
829 855 92 20 never

101 908 65 27 met
181 916 72 19 man
270 916 33 19 or
318 916 120 19 woman
454 905 70 31 who
540 905 61 31 had
613 905 71 31 thus
700 905 96 41 gazed
812 909 31 26 at
857 904 64 38 her,

101 965 61 31 and
179 965 54 31 she
249 965 54 31 felt
315 965 55 31 she
386 966 60 30 had
463 967 176 29 committed
655 978 18 18 a
687 966 137 30 mistake.

179 1026 65 32 Our
260 1027 142 31 interests
422 1039 52 20 are
492 1028 52 31 the
700 1027 51 31 she
768 1027 106 39 added,
891 1027 30 30 in

103 1099 19 19 a
148 1087 93 31 much
269 1087 137 31 softened
432 1092 71 27 tone
518 1101 7 27 ;
630 1087 26 31 is
684 1087 161 41 obviously
868 1099 52 29 my

103 1148 82 41 right
200 1154 32 25 to
249 1148 89 31 know
357 1149 40 31 all
418 1149 68 31 that
501 1160 113 30 passes,
632 1148 31 31 in
679 1148 88 31 order
785 1148 69 31 that
877 1160 44 19 we

102 1221 73 28 may
191 1214 121 27 concert
324 1210 60 31 and
399 1210 104 34 advise

304 1270 126 42 replied,
448 1270 210 41 dubitatively,
675 1270 82 32 Mile.
773 1270 149 41 Aspasie;

135 1333 15 31 I
167 1332 62 32 will
253 1332 52 32 tell
330 1343 62 31 you
414 1332 39 32 all
477 1331 34 33 of
528 1343 115 29 course,
661 1331 26 32 if
705 1343 61 30 you
790 1331 74 32 wish
880 1331 24 32 it
916 1345 6 26 ;

102 1395 56 31 but
182 1406 39 19 on
243 1393 143 42 thinking
408 1393 23 32 it
454 1393 40 32 all
517 1393 69 32 well
609 1405 81 28 over,
715 1393 15 31 I
755 1392 109 32 incline
891 1397 31 27 to

102 1457 119 32 believe
245 1468 46 19 we
315 1467 56 20 can
394 1455 38 32 do
455 1467 40 19 no
519 1455 89 42 good,
633 1455 60 31 and
715 1455 16 31 I
755 1454 76 32 shall
854 1465 68 31 pro-

101 1519 93 39 bably
210 1519 38 32 be
271 1518 73 40 only
369 1517 107 41 giving
491 1529 60 29 you
575 1516 138 33 needless
737 1526 184 32 annoyance.
