1079 1710
348 82 70 21 TWO
441 82 37 21 TO
503 82 63 21 THE
589 82 127 21 RESCUE.

888 77 50 26 127

121 156 36 32 of
179 156 39 32 all
241 156 143 41 liberties,
401 157 50 32 the
467 161 134 38 greatest
619 157 67 31 that
702 157 89 31 could
813 157 37 31 be
867 168 71 20 con-

121 218 107 31 ceived
239 219 6 30 !

165 280 65 31 The
246 292 105 30 young
366 281 156 41 Marquise
534 293 63 19 was
610 281 81 32 filled
706 280 75 32 with
797 281 142 31 vexation

122 347 32 27 at
169 343 84 31 what
269 343 55 31 she
340 354 71 20 now
427 343 95 31 called
541 343 56 32 her
622 354 67 20 oavu
711 343 153 40 rashness,
882 343 57 31 and

122 404 102 31 Avould
241 404 77 32 have
335 404 92 42 given
441 404 53 32 the
510 404 95 32 Avorld
628 409 32 27 to
683 404 78 33 have
782 405 77 31 been
875 405 64 32 able

122 470 33 26 to
172 470 52 36 get
241 470 53 27 out
310 464 34 33 of
362 464 83 33 what
461 465 121 32 seemed
597 470 31 27 to
645 465 55 32 her
716 477 17 20 a
748 464 191 33 tremendous

121 538 115 29 scrape.

165 587 103 31 When
285 587 44 31 M.
346 586 37 32 de
399 587 164 41 Moranges
580 587 125 32 entered
719 587 53 32 her
789 587 151 40 drawing-

122 659 94 28 room,
235 647 60 31 and
310 647 120 40 begged
446 647 54 31 her
521 652 31 26 to
576 647 121 32 remark
713 647 69 32 how
797 647 142 42 punctual

121 708 38 32 he
175 720 63 20 was
254 708 31 31 in
302 707 133 42 obeying
456 707 54 32 her
528 719 165 29 summons,
711 708 99 32 Claire
826 720 64 20 was
906 719 33 20 so

120 768 218 40 embarrassed,
367 768 66 32 that
459 768 41 32 all
528 773 83 27 trace
643 768 61 32 had
730 768 148 32 vanished
909 768 34 32 of

119 830 68 32 that
203 829 247 42 self-possession
465 829 46 32 for
527 829 99 32 which
647 829 54 32 her
716 829 87 32 uncle
820 829 123 32 himself

119 891 61 32 had
208 903 32 20 so
264 890 112 32 lauded
401 890 64 33 her.
513 890 61 32 She
591 890 94 42 spoke
710 890 33 32 of
763 890 115 32 several
895 890 44 31 in-

119 952 139 31 different
275 952 141 42 subjects,
434 951 61 32 and
510 951 90 32 could
622 956 61 35 not,
701 950 45 33 for
770 951 51 32 the
843 951 49 32 life
909 951 34 32 of

118 1013 64 40 her,
201 1025 50 19 see
267 1012 54 32 her
336 1024 70 30 way
421 1017 32 27 to
469 1011 137 42 entering
621 1023 82 31 upon
721 1011 52 32 the
793 1023 55 20 one
871 1012 66 32 that

119 1085 33 20 so
169 1072 110 42 deeply
295 1072 148 42 occupied
458 1072 55 32 her
528 1072 91 32 mind.
666 1072 43 31 At
725 1072 67 40 last,
795 1092 42 2 —

192 1134 57 41 My
264 1134 72 32 clear
496 1133 65 31 said
581 1133 42 32 M.
648 1133 35 32 de
707 1134 174 40 Moranges,
907 1133 27 32 in

116 1197 53 30 the
185 1195 122 31 kindest
322 1200 79 35 tone,
458 1206 59 30 you
534 1194 115 32 wished
672 1199 33 27 to
727 1194 94 42 speak
840 1199 31 27 to
887 1206 47 20 me

116 1259 35 31 of
180 1257 174 41 something
377 1257 67 31 that
467 1257 143 30 interests
641 1268 68 30 you.
765 1256 15 31 I
810 1256 78 42 hope
921 1257 13 30 I

115 1320 80 31 need
224 1323 54 27 not
306 1330 54 29 say
390 1318 67 31 that
482 1318 15 30 I
524 1329 49 19 am
598 1317 181 42 completely
805 1322 32 26 at
859 1329 75 30 your

115 1381 104 33 orders
231 1394 6 27 ;
272 1380 37 31 do
335 1384 55 27 not
413 1379 63 31 fear
500 1384 32 26 to
562 1379 55 31 ask
642 1378 151 42 anything
821 1379 33 30 of
875 1390 56 20 me.

114 1444 30 31 It
161 1442 62 32 will
239 1442 37 31 be
293 1453 18 20 a
326 1441 138 42 pleasure
480 1446 31 26 to
528 1453 48 19 me
592 1445 31 27 to
639 1441 38 31 be
694 1440 34 32 of
744 1452 60 29 any
820 1451 61 28 use,
900 1451 33 19 or

114 1510 31 26 to
162 1508 140 38 promote
315 1515 60 30 any
388 1502 100 42 object
500 1502 66 33 that
577 1502 25 32 is
616 1502 34 32 of
661 1502 126 32 interest
799 1505 30 27 to
