1079 1710
893 82 34 25 39

251 85 64 21 THE
339 86 118 22 SINNER
480 87 96 21 SEEKS
598 87 64 21 THE
686 88 97 20 SAINT.

103 160 179 34 denounced
305 162 42 43 by
371 175 52 30 my
447 168 122 28 nearest
592 164 152 41 relations,
771 163 60 31 and
854 163 68 31 held

104 233 41 31 up
162 227 33 27 to
211 223 115 42 shame,
344 225 131 40 promise
490 237 50 20 me
554 230 33 27 to
602 225 115 32 remain

182 284 14 31 I
210 284 62 32 Avill
300 285 38 31 do
360 297 94 30 more,
471 286 15 31 I
502 286 63 31 will
583 298 76 30 pray
675 286 44 31 for
849 285 73 40 said,

105 344 112 43 simply
233 346 61 30 and
309 346 112 32 almost
435 347 145 40 tenderly,
598 347 85 31 Aunt
699 346 198 33 Clementine.

182 407 15 31 I
213 407 79 32 wish
317 408 16 30 I
352 408 132 41 thought
504 408 67 31 that
587 420 62 19 Avas
666 408 33 31 of
718 420 59 29 any
793 407 81 41 good
887 408 6 31 !

106 468 116 41 replied
252 468 53 32 the
337 468 147 41 Marquis,
516 468 74 32 with
622 480 82 20 some
736 468 33 31 of
797 468 48 31 his
876 467 47 32 old

106 529 111 40 gaiety.

183 590 73 40 May
272 590 16 30 I
303 594 49 36 try
367 594 32 26 to
416 588 108 32 defend
539 600 60 30 you
611 590 14 30 ?
678 588 54 31 she
748 588 72 31 said.

267 650 47 31 for
340 648 130 33 worlds!
494 648 84 32 Avhat
604 649 16 31 I
644 660 50 20 am
717 649 92 31 about
830 653 32 27 to
885 649 37 31 do

107 716 113 26 cannot
235 711 37 31 be

275 772 39 31 do
336 783 60 31 you
419 772 39 31 do
581 772 98 31 added
698 777 55 26 not
776 772 145 41 severely,

103 834 54 31 but
173 833 156 40 seriously,
347 833 146 31 Madame
508 833 186 32 Beaudouin.

179 895 82 31 That
288 906 61 30 you
373 894 89 31 could
488 894 71 41 only
586 894 186 31 understand
796 894 26 31 if
848 906 73 20 once

101 968 61 31 you
189 967 86 21 came
295 960 33 28 to
355 967 50 21 see
430 956 83 31 Avhat
535 967 19 20 a
576 956 121 32 terrible
719 956 129 31 mistake
871 956 49 32 life

101 1019 55 30 has
174 1018 122 31 seemed
311 1022 32 27 to
358 1017 39 32 be
412 1022 32 27 to
461 1028 83 21 some

145 1079 104 32 When
273 1079 43 32 M.
340 1078 37 32 de
400 1078 165 41 Moranges
589 1078 61 31 had
674 1078 52 32 left
752 1078 62 39 her,
836 1078 85 32 Aunt

101 1139 192 33 Clementine
321 1139 53 32 felt
399 1150 83 21 more
507 1138 75 32 than
607 1150 71 21 ever
700 1139 168 33 convinced
892 1139 32 32 of

100 1202 56 31 her
175 1202 108 41 theory
299 1201 67 31 that
391 1200 42 32 all
456 1211 72 21 men
544 1199 99 42 suffer,
662 1200 60 32 and
737 1200 67 32 that
819 1200 101 32 there-

99 1264 65 32 fore
180 1264 40 31 all
234 1275 71 20 men
321 1274 51 21 are
388 1267 33 27 to
436 1262 38 32 be
489 1262 102 41 pitied.
