1079 1710
399 114 82 19 LOVE
504 112 64 21 THE
591 110 159 22 AVENGER.

160 110 52 25 290

159 193 51 32 the
245 192 102 40 world,
376 190 60 32 and
467 189 96 41 living
599 186 190 41 exclusively
826 183 75 33 with
932 183 54 32 her

159 254 99 33 father
273 254 60 32 and
348 253 127 37 mother,
493 251 60 32 and
569 251 88 31 Aunt
674 248 199 34 Clementine.

203 316 67 32 One
293 315 61 42 day
375 314 61 32 this
459 318 127 27 autumn
610 312 15 31 I
648 323 65 20 was
736 310 151 42 lounging
902 320 84 30 upon

158 378 50 31 the
232 376 138 43 asphalte
393 376 34 32 of
445 376 52 31 the
522 375 134 40 Champs
688 373 140 42 Elysdes,
853 370 91 33 when
969 370 16 32 I

158 438 168 32 overheard
350 449 83 21 some
456 448 128 31 persons
607 435 103 32 before
736 446 49 20 me
809 433 121 42 talking
953 431 34 33 of

156 500 53 32 the
235 499 151 42 marriage
409 503 32 27 to
468 498 38 32 be
532 497 186 33 solemnized
744 500 73 28 next
845 496 61 41 day
929 494 54 32 be-

156 567 100 26 tween
279 572 83 20 some
386 572 79 28 man,
485 559 101 32 whom
610 558 176 42 everybody
801 558 102 40 kneAV,
922 557 59 32 and

156 634 18 18 a
190 622 115 30 widow.

232 684 29 31 It
282 694 72 30 may
556 681 66 32 said
649 693 57 20 one
729 680 73 43 lady
816 694 7 27 ;
878 680 55 32 she
955 680 25 32 is

157 744 74 32 such
254 756 39 19 an
317 744 84 31 icicle
414 745 7 31 !
468 744 62 31 But
552 743 39 32 he
608 742 62 32 will
693 754 96 19 never
811 741 100 43 forget
927 741 53 32 the

155 805 124 41 episode
311 804 35 31 of
374 804 46 31 his
447 804 105 41 youth.
609 804 82 31 That
721 804 25 30 is
779 803 83 31 Avhat
892 802 88 32 these

156 878 159 20 romances
337 866 112 41 mostly
466 877 87 20 come
578 870 31 27 to
622 878 6 28 ;
653 878 18 19 a
696 877 72 19 man
792 877 75 20 runs
890 876 89 30 aAvay

156 928 73 31 with
252 927 128 32 another
403 928 98 30 man's
517 927 78 40 wife,
613 927 62 31 and
697 927 58 31 has
779 927 39 31 all
841 927 54 31 the
911 926 68 32 love

155 993 54 27 out
239 989 103 31 before
376 988 66 32 he's
476 988 104 42 thirty,
613 989 62 31 and
707 989 74 31 then
814 1000 103 20 comes
949 988 31 31 in

155 1061 116 26 reason,
290 1050 59 31 and
365 1049 38 32 he
420 1050 105 31 makes
542 1061 39 20 an
597 1050 60 31 end
673 1050 61 31 and

358 1110 116 43 replied
488 1110 138 42 another,
676 1123 62 30 you
759 1122 52 21 see
827 1111 52 32 the
896 1111 82 32 love-

155 1172 137 32 matches
333 1172 84 32 don't
453 1184 120 20 answer
611 1173 156 32 somehow
779 1188 6 27 ;
829 1173 47 32 for
914 1174 64 32 I've

154 1232 117 42 ahvays
295 1232 95 32 heard
416 1233 54 32 her
497 1234 66 31 first
587 1235 153 41 marriage
765 1234 75 32 Avith
868 1236 44 31 M.
939 1235 38 32 de

155 1292 185 33 Beauvoisin
365 1306 63 20 Avas
456 1295 82 41 quite
564 1307 39 20 an
630 1296 86 32 affair
742 1297 35 31 of
799 1297 53 31 the
880 1297 98 41 heart,

154 1354 62 32 and
231 1354 23 32 it
271 1354 146 43 certainly
434 1355 51 32 dicl
501 1361 54 27 not
570 1361 71 27 turn
658 1362 54 28 out

228 1415 98 32 There
348 1428 72 30 may
435 1417 38 31 be
497 1429 84 20 some
604 1418 90 43 hope,
718 1419 83 41 then,
826 1420 69 33 that
917 1421 61 32 this

155 1476 112 32 second
301 1477 161 42 marriage,
490 1479 95 42 being
618 1491 39 20 an
687 1480 87 32 affair
806 1482 34 31 of
867 1493 111 21 conve-

155 1537 116 40 nience,
288 1549 71 31 may
374 1542 70 28 turn
461 1544 53 27 out
674 1541 149 32 observed
840 1554 18 20 a
873 1554 105 29 young
