1079 1710
874 90 49 25 237

298 93 153 22 FREEDOM
474 96 73 19 WON
570 96 66 19 AND
660 96 80 19 LOST.

103 168 26 33 it
144 169 75 33 with
236 170 100 32 Henri
352 172 135 42 Dupont,
505 173 68 31 Avho
590 185 62 19 was
667 178 32 26 to
720 172 81 32 fetch
817 172 63 31 him
895 177 32 27 at

107 231 112 32 twTelve
236 232 124 32 o'clock.
408 234 184 31 Mardonnet
606 245 63 20 was
692 234 136 31 believed
844 238 31 27 to
891 233 36 32 be

105 296 33 28 at
165 293 160 42 Malleray,
352 293 94 42 doing
470 294 48 31 his
541 299 115 27 utmost
677 295 75 31 with
775 295 52 32 the
851 295 76 31 local

105 352 175 33 influences.
329 354 115 32 Olivier
459 354 147 32 breathed
621 367 83 20 more
720 355 102 41 freely.

149 415 63 31 But
236 415 52 32 the
313 427 75 30 very
408 416 60 41 day
488 417 167 41 preceding
677 417 67 31 that
767 429 39 19 on
831 417 97 31 which

105 476 40 32 he
161 488 64 20 was
246 482 32 26 to
305 482 83 26 meet
412 477 47 31 his
485 477 182 41 neighbours
694 483 31 26 at
739 478 53 31 the
808 478 68 31 Due
892 478 36 31 de

107 539 190 39 Vivienne's,
321 538 114 32 Olivier
451 550 62 20 was
539 539 146 31 informed
711 539 41 41 by
777 539 48 31 his
849 539 79 31 Aalet

109 600 34 31 of
161 611 19 20 a
205 599 64 32 fact
290 599 108 39 which,
428 600 202 40 insignificant
656 611 34 19 as
717 600 24 31 it
767 600 160 41 appeared,

109 665 92 37 upset
231 660 40 31 all
301 659 46 32 his
380 660 204 31 calculations.
637 660 65 31 The
732 660 196 32 above-men-

109 721 104 32 tioned
239 721 194 41 functionary
457 721 132 41 brought
618 726 32 26 to
677 721 46 31 his
750 727 121 33 master,
899 727 29 26 at

109 782 48 32 his
187 782 165 40 breakfast,
379 793 18 21 a
420 782 223 41 visiting-card,
677 794 38 19 on
743 782 99 32 which
868 794 60 21 was

108 844 121 40 printed
241 858 5 18 :
249 863 43 4 —

307 937 192 23 THEOPHILE
517 937 215 26 MARDONNET,

514 989 89 27 Deputy
615 988 26 28 of
654 988 183 23 Savre-et-Merle.

187 1081 82 32 That
284 1081 177 42 gentleman
485 1080 96 32 called
595 1080 61 31 this
866 1081 64 31 said

111 1143 54 31 the
181 1154 81 28 man,
310 1142 55 32 but
380 1141 24 32 it
419 1141 61 32 had
496 1146 54 27 not
573 1146 50 36 yet
639 1141 104 32 struck
759 1146 61 35 ten,
838 1142 61 31 and
916 1143 14 31 I

112 1204 172 42 absolutely
310 1203 120 32 refused
454 1207 31 27 to
517 1202 115 32 disturb
656 1203 42 32 M.
731 1203 28 32 le
783 1203 145 42 Marquis.

113 1267 162 38 However,
293 1264 39 32 he
361 1264 64 32 said
448 1264 38 32 he
506 1264 100 32 would
634 1264 56 31 call
717 1264 90 41 again
825 1265 105 41 to-day

112 1333 32 26 at
166 1326 150 41 half-past
331 1325 69 40 five,
419 1325 60 31 and
494 1325 100 42 hoped
610 1329 30 27 to
656 1325 90 31 make
763 1325 82 42 quite
862 1337 68 19 sure

111 1389 36 33 of
159 1389 107 39 seeing
281 1388 42 31 M.
341 1388 28 30 le

187 1448 166 43 Impudent
377 1448 97 31 rascal
489 1449 5 30 !
555 1448 151 31 muttered
732 1447 122 40 Olivier,
880 1447 51 31 be-

112 1519 101 27 tween
229 1511 48 32 his
293 1510 84 33 teeth
390 1523 6 27 ;
419 1514 53 28 not
496 1522 33 20 so
552 1510 67 40 low,
637 1509 216 41 nevertheless,
877 1509 54 31 but
