1079 1710
313 86 122 23 COMING
457 88 38 21 TO
518 89 63 21 THE
604 89 99 21 POINT.

859 84 52 26 119

211 163 38 31 do
276 169 54 27 not
353 164 90 32 think
462 165 85 32 there
640 166 114 42 replied
774 167 82 32 Mile,
876 168 36 32 de

97 222 222 43 Mourjonville,
351 226 30 31 in
412 238 17 19 a
456 227 166 31 somewhat
651 228 143 31 modified
822 233 71 27 tone
905 241 7 27 ;

199 285 26 32 if
243 285 87 33 there
346 299 89 29 were,
453 288 60 31 and
535 287 28 32 if
579 288 51 31 the
653 289 148 40 marriage
825 289 89 32 could

98 345 38 33 be
151 347 178 41 prevented,
345 348 16 31 I
376 348 89 32 could
480 353 55 27 not
551 360 56 20 run
622 349 52 31 the
690 349 63 31 risk
770 350 33 31 of
814 350 99 41 losing

98 418 53 31 my
168 407 144 32 situation
328 413 31 26 at
375 409 52 31 the
444 409 95 32 Hotel
562 409 36 32 de
622 410 161 41 Moranges
799 410 46 32 for
862 411 53 31 the

98 468 73 32 sake
196 469 34 31 of
248 469 83 31 what
355 470 100 30 would
477 470 37 31 be
537 470 122 31 insured
681 475 32 26 to
735 482 49 19 me
807 482 34 20 as
862 483 53 19 our

98 534 124 35 present
237 530 77 32 little
331 531 184 31 convention
531 531 105 31 stands
638 550 41 4 —
680 531 52 31 the
748 531 62 31 risk

174 591 32 30 If
224 591 52 31 the
301 591 149 41 marriage
469 603 79 20 were
785 592 64 31 said
865 593 50 30 the

99 652 162 41 Dowager,
288 652 132 41 eagerly,
479 652 15 30 I
521 652 101 31 would
644 652 110 31 double
776 653 52 30 the
851 664 65 19 sum

99 713 104 41 gladly
215 726 6 28 ;
246 713 21 31 it
282 714 26 30 is
323 717 62 27 two
407 713 138 32 hundred
567 714 152 30 thousand
737 713 99 31 francs
851 714 65 31 that

101 774 110 32 should
227 775 37 30 be
280 786 77 29 your

318 835 141 31 resumed
497 835 81 31 Mile,
618 835 38 30 de
694 835 223 40 Mourjonville,

101 897 130 41 shaking
247 897 55 31 her
318 897 78 31 head
408 910 5 26 ;
462 896 73 40 alas,
552 896 142 31 Madame
711 896 30 31 la
756 896 160 40 Marquise,

100 970 77 30 your
203 958 176 41 generosity
408 958 79 31 need
518 962 65 26 cost
612 969 62 29 you
703 957 128 41 nothing
860 958 57 30 this

99 1019 83 40 time,
200 1019 47 32 for
262 1019 85 31 there
370 1018 26 31 is
420 1018 127 40 nothing
569 1023 31 26 to
626 1018 45 31 clo.
718 1018 30 30 It
763 1018 25 30 is
809 1029 39 19 no
863 1029 54 20 use

101 1080 145 40 deluding
269 1079 155 31 ourselves
436 1092 6 26 ;
467 1078 143 32 Madame
631 1077 149 32 Claudine
801 1077 61 31 will
881 1078 36 30 be

99 1140 156 41 Marquise
271 1140 37 31 de
324 1140 165 40 Moranges
512 1138 101 32 before
634 1150 18 19 a
674 1137 107 31 month
801 1137 24 31 is
847 1148 70 20 over

100 1222 42 2 —
144 1201 113 40 unless,
274 1201 118 39 indeed,
410 1200 182 41 providence
609 1203 84 37 steps

282 1262 192 42 providence,
716 1259 114 32 echoed
866 1259 50 31 the

100 1324 165 41 Marquise,
285 1323 172 42 scornfully.

300 1384 164 33 continued
474 1383 130 43 Aspasie
616 1396 6 27 ;
667 1394 55 20 one
737 1383 71 31 does
821 1393 95 20 some-

100 1450 90 31 times
207 1459 51 21 see
273 1447 52 31 the
346 1450 82 27 most
450 1443 201 45 providential
675 1444 241 35 circumstances,

99 1516 32 25 to
146 1510 39 31 be
