1079 1710
416 96 82 21 TRUE
520 95 87 22 LOVE.

899 93 14 24 3

104 172 157 38 wounded,
287 171 134 33 beneath
446 171 85 33 them
554 183 80 21 were
659 171 52 33 the
736 171 94 43 dying
855 172 59 32 and

104 232 52 33 the
181 232 84 33 dead.
311 233 65 32 The
398 233 139 32 accident
559 232 61 33 had
643 232 76 33 been
743 244 18 21 a
776 232 138 43 frightful

105 304 65 29 one,
188 293 60 32 and
271 298 66 28 cast
359 305 18 21 a
399 294 104 42 gloom
526 305 70 21 over
611 293 51 33 the
685 294 94 32 entire
795 294 119 43 depart-

104 358 92 28 ment.
242 355 45 31 As
314 354 45 32 far
385 366 34 20 as
445 355 137 31 material
603 355 86 31 harm
711 360 89 35 went,
816 355 98 32 Claire

106 425 63 21 was
186 415 136 42 severely
337 415 129 38 bruised,
483 415 59 32 and
557 415 60 32 had
632 415 140 43 sprained
793 415 53 32 her
861 415 53 32 left

105 486 76 21 arm.
227 475 114 38 Victor,
368 475 118 33 besides
511 475 108 32 strains
646 476 59 31 and
731 476 183 40 contusions,

106 534 62 32 had
182 536 139 33 received
336 548 18 21 a
369 541 51 28 cut
435 548 72 20 over
528 536 50 32 the
601 536 84 40 head,
703 536 34 32 of
754 537 39 31 all
816 536 98 32 which

105 595 39 32 he
159 596 133 42 thought
307 597 75 32 little
405 596 129 42 enough.
580 596 174 43 Physically
769 597 145 42 speaking

104 655 61 32 this
180 668 62 20 was
258 656 47 40 all,
322 657 59 31 and
396 657 23 31 it
435 668 62 20 was
512 657 155 40 assuredly
682 662 54 27 not
750 657 98 32 much.

150 717 60 30 But
225 717 150 40 morally?

148 777 139 42 Morally,
319 789 18 20 a
366 782 87 37 great
490 778 178 41 knowledge
698 778 61 32 had
789 779 127 31 dawned

105 849 82 30 upon
210 838 107 32 Victor
317 857 43 4 —
360 838 38 32 he
424 850 62 20 was
510 839 96 32 loved.
667 839 105 32 Loved
798 839 40 41 by
864 839 52 32 the

105 898 137 32 loveliest
257 899 60 31 and
332 903 103 37 purest
452 899 33 31 of
502 899 55 32 her
573 911 61 20 sex.
680 900 106 31 Loved
801 900 75 31 with
898 911 18 20 a

104 959 67 32 love
199 971 32 20 so
258 964 114 37 strong,
395 960 68 32 that
486 960 24 32 it
534 960 59 32 had
616 960 165 32 welcomed
807 960 91 32 death
910 973 6 27 ;

104 1021 74 32 with
194 1033 19 20 a
226 1021 68 32 love
310 1021 103 32 whose
429 1021 138 42 strength
582 1033 62 20 was
659 1021 141 32 matched
823 1021 41 42 by
879 1021 37 31 its

104 1082 116 32 infinite
236 1082 100 42 purity
347 1096 6 27 ;
378 1082 90 33 loved
484 1082 41 42 by
541 1082 109 37 Claire,
666 1082 100 32 whom
781 1082 39 32 he
836 1087 80 26 must

105 1155 93 21 never
214 1155 50 21 see
280 1143 98 41 again.

148 1204 83 42 Why
240 1205 13 31 ?
276 1215 63 21 was
354 1204 24 32 it
394 1204 72 42 only
480 1204 130 31 because
627 1203 99 32 Claire
742 1203 90 32 loved
855 1203 62 31 him

105 1265 67 33 that
196 1265 73 42 they
292 1265 89 32 could
406 1269 82 28 meet
513 1275 40 21 no
579 1275 83 21 more
673 1266 15 30 ?
718 1275 39 21 no
768 1265 7 32 !
809 1264 24 32 it
856 1275 62 20 was

106 1328 130 31 because
251 1326 38 32 he
305 1326 89 32 loved
409 1326 63 40 her,
489 1326 61 32 and
571 1326 68 32 that
654 1325 75 33 each
745 1325 89 32 knew
849 1336 69 21 now

105 1389 53 32 the
184 1393 97 28 secret
308 1388 34 32 of
370 1387 52 32 the
452 1387 113 32 other's
597 1387 69 32 love
679 1400 7 28 ;
719 1386 58 33 and
802 1386 116 39 Victor,

105 1447 93 42 being
222 1451 55 27 not
302 1446 70 42 only
398 1445 186 32 honourable
609 1445 57 32 but
690 1444 116 41 honest,
830 1444 88 31 knew

104 1507 67 33 that
186 1507 61 33 this
263 1507 111 41 feeling
390 1506 89 33 could
501 1511 56 27 not
579 1506 37 32 be
636 1505 99 32 trifled
750 1504 82 40 with,
850 1503 68 40 and,

798 1570 13 14 B
827 1566 11 18 2
