1079 1710
456 99 59 21 TOO
537 99 92 21 DEAR.

895 95 51 25 229

128 175 84 30 trace
229 174 34 31 of
281 174 84 33 what
380 174 62 33 had
458 175 168 43 happened,
645 176 59 31 and
719 176 74 42 kept
814 176 23 32 it
838 195 42 5 —
882 176 66 31 that

129 233 27 32 is
180 235 41 31 all
233 248 6 27 ;
263 236 60 32 and
339 248 33 20 as
398 238 15 30 I
438 249 64 30 say,
520 238 67 31 that
602 243 82 26 trace
701 238 170 42 destroyed,
889 238 60 31 and

130 307 77 29 your
230 296 182 43 knowledge
429 298 34 31 of
482 310 60 30 any
561 299 87 31 small
671 299 158 31 weakness
851 299 31 31 in
896 299 52 32 the

131 362 71 37 past
217 369 74 31 goes
307 359 75 32 with
399 360 22 31 it
424 378 40 5 —
467 360 76 41 well,
565 361 68 31 that
654 362 101 31 would
780 365 65 27 cost
869 361 79 39 dear,

131 418 130 42 besides,
288 420 70 32 how
388 422 89 30 could
507 422 15 30 I
549 434 119 20 answer
695 427 32 27 to
753 422 194 39 Mardonnet,

132 480 47 31 for

218 542 105 32 Never
367 544 84 30 mind
488 544 184 32 Mardonnet
695 545 5 31 !
720 545 13 11 ':
784 544 166 31 exclaimed

135 602 124 41 Olivier,
292 603 30 30 in
361 604 171 40 downright
570 604 137 41 anguish,
743 604 59 31 and
836 604 114 40 seizing

134 663 84 32 Mile,
237 664 37 31 de
290 664 242 42 Mourjonville's
548 665 96 31 hands
660 665 32 30 in
707 665 54 39 his,
813 665 14 30 I
840 669 110 27 cannot

134 736 40 29 go
191 736 38 19 on
253 725 30 30 in
300 725 59 31 this
375 737 76 29 way.
499 726 15 30 I
529 725 53 32 tell
605 737 62 30 you
691 725 75 32 life's
781 730 56 26 not
852 725 98 31 worth

134 784 115 42 having
260 799 6 27 ;
291 786 58 31 I'm
365 786 95 31 afraid
477 786 33 31 of
528 798 151 29 everyone
698 787 16 30 I
730 791 80 27 meet
820 799 8 27 ;
852 786 97 31 afraid

134 850 32 27 to
189 858 39 29 go
245 851 55 27 out
317 859 33 19 or
372 859 86 19 come
473 848 99 31 home.
619 847 66 31 Tell
708 859 49 19 me
774 847 80 31 Avhat
869 847 16 30 I
901 858 49 20 am

133 911 33 27 to
190 907 38 31 do
229 925 44 6 —
274 908 15 31 I
312 908 62 31 will
396 920 61 30 pay
472 920 61 29 any
555 908 83 41 price
654 908 46 31 for
721 908 134 31 freedom
867 921 7 27 ;
897 908 53 31 but

136 980 72 21 save
232 981 58 26 me,
306 981 53 30 my
383 969 81 39 dear,
488 969 81 41 good
593 969 139 41 Aspasie,
758 980 61 30 you
843 980 51 21 are
918 980 32 21 so

135 1030 101 30 clever
239 1049 40 3 —
283 1041 72 19 save
371 1041 49 19 me
436 1030 78 30 from
529 1030 185 30 Mardonnet
727 1030 6 30 !

179 1091 48 31 As
250 1090 116 32 Olivier
388 1090 122 32 uttered
527 1090 49 31 the
600 1090 59 31 last
674 1090 99 31 Avords
796 1090 46 31 his
865 1091 84 31 voice

138 1151 105 40 shook,
261 1152 60 31 and
336 1151 86 32 there
438 1163 79 20 were
532 1156 82 27 tears
629 1151 30 31 in
675 1151 48 31 his
739 1163 80 28 eyes.

181 1212 100 32 There
297 1223 64 21 was
377 1212 30 31 in
423 1212 52 32 the
492 1223 101 30 agony
616 1211 33 32 of
669 1211 59 32 this
750 1212 100 41 stupid
872 1223 80 28 man,

137 1274 102 32 Avhom
255 1285 39 21 no
311 1285 57 20 one
384 1273 61 32 had
461 1284 71 20 ever
557 1284 71 20 seen
643 1273 119 39 moved,
780 1273 60 31 and
856 1273 29 31 in
902 1273 50 31 the

136 1336 157 42 loquacity
311 1335 34 32 of
363 1334 61 33 this
447 1334 70 40 dull,
537 1334 89 32 silent
648 1339 116 35 nature,
783 1334 170 41 something

136 1398 69 31 that
228 1396 133 32 touched
384 1395 139 42 Aspasie.
572 1395 60 33 She
655 1395 121 32 seemed
791 1400 32 27 to
847 1395 105 39 relent,

137 1459 60 32 and
221 1458 77 31 after
322 1456 112 43 gazing
449 1461 32 27 at.
497 1456 51 32 the
565 1455 53 33 fire
634 1456 46 32 for
704 1467 18 21 a
744 1455 58 33 few
819 1455 133 40 seconds,

135 1520 102 40 biting
253 1519 54 31 her
322 1518 66 42 lips,
406 1516 134 42 knitting
560 1516 54 33 her
629 1517 92 40 brow,
746 1516 67 41 and,
830 1516 31 31 in
884 1516 69 41 fact,
