1079 1710
149 67 52 26 188

392 76 83 20 LOVE
498 74 64 22 THE
585 73 162 22 AVENGER.

147 150 73 32 faith
243 152 30 31 in
292 152 54 32 the
361 151 153 40 necessity
530 149 35 31 of
584 160 18 20 a
627 160 63 19 war
706 147 47 32 for
769 147 130 31 France.
952 144 27 31 If

147 211 54 32 she
226 212 38 32 be
286 212 55 32 but
357 212 68 31 well
453 210 157 42 governed
632 214 32 27 at
690 209 101 40 home,
811 207 61 33 and
889 207 90 41 enjoy

144 273 53 32 the
224 273 135 32 freedom
383 272 102 31 Avhich
513 272 24 31 is
569 284 71 19 noAV
672 271 52 32 the
753 268 169 43 birthright
950 268 33 31 of

144 345 93 30 every
254 334 138 31 civilised
415 338 140 37 country,
573 333 57 32 her
652 333 135 42 position
804 332 30 31 in
851 332 127 41 Europe

143 395 26 32 is
193 406 107 22 secure
314 408 6 27 ;
355 395 53 32 she
446 395 55 32 has
539 400 161 37 greatness
730 394 133 41 enough.
914 393 62 33 She

142 456 57 33 has
221 469 40 20 no
282 469 58 20 one
356 461 32 28 to
404 457 73 41 fear,
496 457 60 31 and
574 469 57 20 can
647 456 154 32 therefore
818 455 98 33 afford
942 460 33 27 to

141 526 64 27 rest
221 521 55 32 her
292 533 67 20 oavh
376 521 105 32 claims
497 526 32 26 to
546 526 121 36 respect
686 532 84 31 upon
795 532 18 20 a
829 519 147 32 Avorthier

141 582 113 42 feeling
280 582 74 33 than
381 583 64 32 fear
471 594 83 31 upon
576 582 53 33 the
648 588 71 37 part
739 582 35 33 of
793 582 55 32 her
863 581 110 42 neigh-

185 706 69 40 But,
273 710 31 27 at
320 705 69 41 this,
408 705 51 32 the
477 717 97 30 anger
590 706 34 31 of
643 706 53 31 the
720 706 75 42 high
812 706 157 42 dignitary

139 766 88 32 burst
257 765 80 33 forth
377 766 31 31 in
448 767 205 31 unmeasured
693 772 103 36 terms,
830 768 61 31 and
931 768 38 31 he

138 828 131 41 roundly
285 828 242 32 anathematised
544 829 52 31 the
614 829 98 32 whole
729 830 105 31 school
859 830 35 31 of
916 829 52 33 the

138 902 106 29 young
260 902 96 29 army,
374 890 78 40 who,
470 890 38 32 he
531 891 74 39 said,
624 903 81 20 Avere
731 892 40 31 all
800 892 168 32 sentimen-

137 952 98 31 talists
259 951 61 31 and
344 951 163 40 dreamers,
537 952 142 42 disciples
705 952 35 33 of
766 952 52 33 the
844 953 122 42 philan-

138 1013 147 41 thropists
309 1012 35 32 of
362 1013 50 31 the
438 1013 197 41 Revolution,
663 1014 61 32 and
752 1014 167 43 unworthy
936 1015 33 32 of

138 1073 52 32 the
206 1073 120 32 honour
342 1074 33 31 of
387 1074 94 40 being
498 1074 203 33 Frenchmen.

215 1135 149 41 Bugeaud
381 1135 24 32 is
422 1137 189 32 ansAverable
627 1137 46 32 for
690 1150 17 19 a
723 1145 70 25 vast
927 1140 39 32 he

138 1199 143 41 groAvled,
343 1200 60 30 and
436 1200 45 31 his
517 1201 93 42 pupil,
644 1203 132 41 Trochu,
809 1204 46 31 for
882 1216 84 21 more

138 1260 60 32 still
210 1273 5 27 ;
240 1260 73 31 with
330 1260 40 31 all
393 1261 80 31 their
497 1262 125 42 prating
643 1263 96 33 about
760 1265 205 42 intelligence.

138 1322 70 39 But,
235 1322 97 31 thank
360 1322 70 32 God
442 1323 6 32 !
482 1322 53 33 the
566 1324 152 42 Emperor
743 1327 63 32 will
832 1339 57 21 one
906 1329 60 42 day

138 1388 46 27 set
205 1383 67 32 that
288 1383 39 31 all
353 1388 32 26 to
412 1383 107 41 rights,
538 1386 61 30 and
627 1398 47 20 we
701 1388 78 32 shall
805 1389 81 32 have
912 1389 53 33 the

138 1455 64 21 war
217 1444 67 31 that
303 1443 56 32 has
386 1444 78 31 been
491 1444 59 33 clue
578 1450 32 27 to
638 1459 36 20 us
702 1460 72 21 ever
802 1449 83 33 since
911 1450 54 33 the

138 1516 129 19 morroAv
284 1504 34 31 of
329 1504 158 31 Waterloo
501 1505 6 30 !
