1079 1710
840 73 33 26 31

202 80 64 22 THE
289 81 117 21 SINNER
428 81 95 21 SEEKS
545 81 64 21 THE
631 80 98 22 SAINT.

65 156 65 32 said
145 156 141 33 Madame
308 158 187 39 Beaudouin,
512 169 32 20 as
568 157 54 32 she
638 156 151 42 smilingly
804 156 71 32 held

65 223 54 26 out
134 217 54 33 her
202 218 83 32 hand
296 232 7 27 ;
494 218 116 33 hermit.
655 218 99 32 There
770 229 50 21 are
835 229 41 20 no

66 279 78 32 dead
159 290 123 21 seasons
297 279 47 32 for
358 291 48 21 me
420 294 7 27 ;
450 280 46 32 for
510 280 52 32 the
577 279 95 33 world
694 279 60 33 and
768 279 16 32 I
798 279 78 32 have

66 340 74 42 long
166 341 109 32 ceased
295 345 32 28 to
351 341 71 32 take
449 341 73 32 each
547 341 85 32 other
655 341 63 32 into
741 345 135 28 account.

69 402 61 32 But
145 414 69 30 you,
232 414 57 20 one
305 402 34 32 of
356 402 52 32 the
425 402 99 42 Kings
540 402 34 32 of
586 402 142 40 Fashion,
745 402 31 31 in
792 401 84 32 Paris

67 463 30 31 in
127 463 177 40 December,
331 464 67 31 that
423 464 26 31 is
473 475 39 19 an
537 463 188 41 astonishing
751 462 125 32 circum-

69 526 122 29 stance!

280 586 25 31 is
333 598 55 19 one
414 590 31 26 to
466 597 39 29 go
633 584 132 42 rejoined
781 585 40 31 M.
840 584 35 32 de

69 647 172 40 Moranges.
318 646 16 31 I
358 645 37 32 do
422 649 52 28 not
499 645 88 42 enjoy
610 645 51 32 the
693 649 126 37 country
845 645 30 31 in

69 707 105 31 Avinter
186 720 7 27 ;
216 711 52 37 yet
284 706 15 31 I
314 706 116 31 confess
446 710 30 27 to
500 706 91 41 being
616 705 99 43 lonely
730 706 30 31 in
776 710 82 27 town
870 718 5 20 :

68 768 146 39 however,
232 766 46 32 for
300 766 68 32 that
393 771 120 36 matter,
531 778 57 20 one
612 766 25 32 is
656 766 101 42 lonely
773 778 91 30 every
867 786 8 5 -

108 887 142 32 Madame
271 887 177 32 Beaudouin
472 899 63 20 was
559 887 104 33 struck
682 887 41 42 by
749 887 51 32 the
825 887 49 32 de-

67 948 149 43 spondent
227 953 71 27 tone
313 948 32 31 in
356 948 100 32 Avhich
468 949 43 30 M.
524 948 37 32 de
580 949 164 41 Moranges
761 948 92 42 spoke
868 962 6 27 ;

66 1010 68 40 and,
152 1021 33 20 as
201 1009 54 32 she
279 1009 110 32 looked
413 1009 176 42 steadfastly
605 1014 32 27 at
655 1009 71 40 him,
743 1009 53 32 she
813 1020 61 21 saAv

65 1071 70 32 hoAV
150 1075 86 36 great
252 1082 62 20 was
329 1069 52 33 the
398 1070 116 41 change
530 1070 31 32 in
577 1070 45 32 his
639 1082 196 29 appearance.

108 1133 70 30 You
195 1132 89 31 could
299 1136 53 27 not
368 1143 54 31 say
439 1132 33 31 of
491 1131 63 32 him
570 1132 68 31 that
652 1132 38 31 he
706 1132 108 31 looked
830 1132 46 31 his

65 1204 65 30 age,
148 1193 45 31 for
208 1193 38 31 he
263 1193 60 30 had
333 1193 114 41 always
461 1193 76 31 done
550 1193 66 31 that
617 1212 42 4 —
660 1205 33 19 as
709 1205 18 19 a
742 1193 132 41 healthy,

65 1253 268 32 well-constituted
356 1265 71 19 man
452 1253 108 31 should
583 1253 37 32 do
632 1267 6 27 ;
662 1254 62 40 but,
742 1253 134 32 whereas

64 1315 38 31 he
109 1315 60 31 had
180 1314 132 32 hitherto
323 1314 116 32 carried
451 1314 48 31 his
511 1326 88 30 years
610 1314 117 42 lightly,
741 1315 133 41 bravely,

64 1376 46 32 his
126 1388 87 30 years
224 1388 69 19 now
305 1376 122 31 seemed
442 1380 30 27 to
489 1376 37 30 be
537 1375 140 42 pressing
693 1375 89 32 doAvn
793 1387 82 30 upon

64 1437 61 32 him
141 1437 128 41 heavily.

106 1499 144 31 Madame
277 1499 176 31 Beaudouin
468 1499 60 31 had
554 1498 93 32 heard
672 1498 22 32 it
719 1497 156 33 remarked
