1079 1710
149 64 53 25 190

396 71 82 21 LOVE
502 71 63 21 THE
589 69 162 22 AVENGER.

221 148 14 30 I
267 148 78 31 have
520 157 63 19 was
615 145 53 31 the
699 143 88 43 reply
800 157 6 27 ;
879 143 61 32 and
966 142 14 31 I

145 213 106 36 repeat
275 209 31 39 it,
325 208 15 30 I
364 207 102 31 would
489 206 87 31 leave
595 205 53 32 the
672 216 89 31 army
777 215 111 21 sooner
903 204 76 31 than

143 269 38 30 be
198 268 190 32 condemned
404 272 32 26 to
454 272 68 35 stay

187 330 101 31 Claire
314 329 62 31 had
402 328 94 32 noted
524 341 93 29 every
634 328 85 32 word
747 328 34 32 of
802 327 53 32 the
878 328 98 31 above

141 391 224 40 conversation,
384 391 58 31 and
460 390 137 41 thought
620 390 70 31 how
714 390 55 32 she
793 402 65 20 was
874 395 33 27 at
923 391 53 31 the

141 465 107 20 source
274 452 34 33 of
328 453 40 32 all
395 452 132 33 Victor's
552 457 74 35 acts,
646 452 60 32 and
727 452 80 40 how,
825 452 93 33 much
941 465 35 20 as

140 515 38 32 he
205 515 89 31 loved
321 515 53 31 the
406 519 82 27 stern
515 514 99 32 duties
642 514 35 32 of
697 514 48 32 his
774 526 113 29 career,
912 516 61 31 and

139 577 117 32 formed
272 589 34 19 as
329 577 38 31 he
384 588 72 29 was,
474 576 31 31 in
523 576 78 42 spite
619 575 34 32 of
675 576 40 31 all
732 576 39 32 he
788 576 102 42 might
906 589 65 29 say,

138 639 46 31 for
215 639 39 30 all
284 638 52 32 the
367 638 110 41 higher
515 638 77 31 aims
629 638 33 31 of
691 642 78 36 true,
803 639 170 41 ennobling

137 700 156 39 ambition,
311 700 69 31 how
404 699 47 31 his
476 699 75 41 duty
569 703 32 27 to
625 699 55 32 her
697 700 161 32 overruled
876 712 94 30 every

138 762 88 31 other
241 760 142 41 thought,
395 760 60 31 and
471 760 160 41 regulated
647 760 52 32 the
717 762 97 31 entire
830 766 90 28 tenor
938 762 36 33 of

135 822 47 30 his
199 822 58 30 life.

179 883 66 32 The
261 894 98 30 group
377 894 39 20 on
432 883 54 31 the
503 883 87 32 other
607 883 64 32 side
691 883 34 33 of
745 883 53 33 the
820 885 145 42 archway

134 944 61 32 had
220 944 180 42 apparently
416 944 55 31 left
498 944 39 31 its
556 944 142 42 position,
716 944 46 33 for
784 945 53 32 the
862 946 103 32 voices

134 1006 67 32 that
227 1005 61 32 had
320 1005 118 42 spoken
465 1017 82 20 were
574 1017 40 20 no
641 1005 109 43 longer
775 1006 104 42 heard,
902 1009 61 30 and

133 1067 51 31 the
201 1066 167 41 fragments
386 1065 34 31 of
438 1065 66 32 talk
523 1065 69 33 that
608 1067 116 31 ensued
745 1078 82 21 were
844 1069 118 31 carried

132 1139 38 19 on
186 1127 31 31 in
233 1126 143 32 feminine
392 1131 95 27 tones.

271 1187 24 32 is
311 1187 125 39 terribly
620 1188 65 32 said
702 1201 57 20 one
776 1190 85 32 voice

206 1249 70 32 You
301 1260 56 20 can
386 1259 50 21 see
461 1248 71 32 how
557 1249 39 32 he
623 1249 56 32 has
893 1253 65 32 said

130 1310 135 31 another.

211 1371 138 33 Suffered
361 1371 5 31 !
391 1371 85 31 what
499 1383 151 22 nonsense
674 1386 61 30 you
754 1375 39 32 do
810 1377 65 31 talk
891 1391 5 27 ;
923 1390 33 20 as

128 1435 56 30 isa
198 1445 71 20 man
285 1444 71 20 ever
373 1432 129 32 suffered
518 1433 46 31 for

171 1496 99 31 These
286 1494 98 31 words
400 1506 80 20 Avere
496 1496 119 32 uttered
631 1496 31 32 in
678 1509 18 20 a
711 1502 72 27 tone
801 1499 34 31 of
852 1499 100 32 bitino-
