1079 1710
149 78 33 25 54

384 84 82 20 LOVE
490 83 64 21 THE
577 81 162 23 AVENGER.

147 161 79 32 have
250 161 53 32 felt
326 161 51 32 the
405 160 125 42 deepest
554 158 156 43 gratitude
738 158 46 32 for
816 169 61 31 any
904 168 72 21 man

147 223 70 32 who
242 223 61 32 had
327 223 78 31 done
428 226 31 27 to
482 233 53 30 my
552 232 55 21 son
624 232 35 20 or
674 219 126 32 brother
816 219 85 32 Avhat
924 231 52 31 my

146 284 246 31 brother-in-LiAv
408 283 52 32 did
476 283 47 32 for
539 283 43 31 M.
602 282 37 32 de

418 356 63 20 Avas
497 344 80 43 paid,
592 344 16 32 I
619 356 153 30 presume,
788 343 110 43 capital
914 343 59 32 and

318 406 162 32 remarked
498 405 100 33 Henri
614 406 137 41 Dupont.

303 467 129 32 interest
456 466 35 33 of
705 466 100 33 added
821 466 150 43 Aspasie;

172 528 46 32 for
232 541 61 30 you
320 529 99 42 forget
446 528 67 32 that
537 528 39 32 he
600 528 62 32 had
684 533 32 27 to
732 541 61 30 pay
809 529 102 42 heavy
927 529 44 31 in-

140 595 93 28 terest
249 591 124 31 himself
391 590 46 32 for
459 602 85 21 more
567 590 77 33 than
666 595 63 28 two
745 603 99 30 years,
863 603 40 20 on
919 592 52 32 the

143 664 83 19 sums
242 652 38 31 he

216 713 73 31 And
303 725 62 29 you
381 713 88 32 think
491 713 70 32 that
577 726 64 20 Avas
665 714 97 42 really
778 715 41 31 all
833 716 13 31 ?
904 715 66 32 said

143 775 89 40 again
249 775 103 32 Count
367 776 135 39 Dupont.

215 836 97 32 What
328 836 62 33 else
406 836 91 33 could
512 836 88 33 there
616 837 38 32 be
667 839 14 30 ?
726 838 140 42 inquired
882 839 83 33 Mile.

142 897 148 40 Mourjon.

184 957 102 31 Count
323 957 128 42 Dupont
487 958 112 32 looked
637 958 55 32 her
730 959 136 43 through
905 962 61 30 and

140 1017 143 42 through,
302 1019 59 31 and
376 1019 71 32 then
466 1019 73 40 said,
542 1039 43 2 —

216 1079 58 30 I'm
291 1090 68 20 sure
382 1079 16 31 I
414 1079 86 32 don't
523 1079 101 41 knoAV,
642 1080 56 32 but
713 1081 16 31 I
745 1081 136 42 thought
895 1095 71 28 per-

140 1137 76 41 haps
232 1150 60 28 you

182 1199 103 31 When
307 1199 80 31 their
409 1200 178 33 conference
604 1213 64 21 Avas
693 1214 82 30 over,
794 1204 101 32 Henri
911 1206 54 32 felt

138 1260 66 31 that
227 1260 38 32 he
290 1260 61 31 had
373 1261 90 32 failed
483 1266 32 28 to
530 1262 65 32 find
611 1274 60 32 any
688 1265 215 34 confirmation
919 1267 46 33 for

138 1321 46 31 his
208 1321 120 31 notions
353 1322 34 30 of
417 1333 78 21 even
522 1322 52 33 the
602 1330 114 27 merest
738 1326 149 34 flirtation
912 1329 53 32 be-

137 1387 100 27 tween
254 1382 113 32 Olivier
390 1383 62 31 and
467 1383 84 33 Mile,
570 1383 37 33 de
624 1385 227 42 Mourjonville.
901 1390 63 32 She

137 1455 63 21 was
225 1443 219 42 disappointed,
471 1444 46 32 for
548 1444 54 33 she
632 1446 62 32 had
722 1448 161 44 decidedly
911 1457 54 26 not

138 1504 166 33 succeeded
333 1504 31 32 in
387 1504 185 44 impressing
599 1506 103 34 Count
729 1509 130 42 Dupont
889 1511 76 34 with
