1079 1710
174 63 52 25 196

408 69 83 20 LOVE
514 68 64 21 THE
602 64 163 23 AVENGER.

172 158 88 21 name
277 152 32 27 to
325 147 142 32 Madame
492 142 189 41 Beaudouin,
702 140 61 33 and
787 138 70 40 had,
880 134 124 41 indeed,

172 208 129 33 avoided
324 208 93 42 being
439 207 89 33 alone
552 205 75 33 with
650 204 55 31 her
729 206 83 28 aunt.
863 198 63 34 She
950 196 55 33 felt

171 269 67 33 that
254 271 82 31 what
351 282 64 19 was
434 268 122 42 tearing
576 267 55 32 her
652 266 89 31 heart
764 264 32 32 in
818 261 95 34 twain
934 271 71 20 hoav

172 341 63 21 was
266 336 54 26 not
349 336 33 26 to
412 331 37 31 be
474 329 179 42 registered,
681 339 35 20 as
741 326 24 31 it
790 335 90 30 were,
909 321 96 33 noted

172 392 89 32 down
282 393 60 32 and
362 393 90 31 made
471 390 214 43 unforgetable
709 389 43 41 by
773 385 174 34 confession
971 389 34 27 to

172 455 136 32 another.
357 455 98 32 Claire
487 465 64 20 was
581 451 149 33 humbled
761 450 42 43 by
828 449 85 31 what
939 452 65 27 tor-

172 517 88 31 tured
279 517 64 40 her,
368 517 60 32 and
446 515 142 33 resolved
608 514 69 33 that
694 518 54 27 out
764 512 35 32 of
818 514 123 39 respect
957 509 48 32 for

172 576 52 32 the
248 588 89 21 name
361 577 54 32 she
438 577 82 40 bore,
542 576 61 33 and
624 576 46 32 for
688 575 56 31 her
759 572 131 33 wedded
912 576 90 35 state,

173 637 54 32 she
257 638 102 32 would
391 650 87 30 carry
509 638 88 32 alone
629 637 52 32 the
720 635 134 32 burthen
893 633 110 43 placed

173 709 82 29 upon
272 699 62 32 her.

218 760 58 40 Oh,
309 760 70 32 how
409 761 55 32 she
495 765 83 38 wept
608 771 74 21 over
713 760 52 31 the
793 759 106 31 dream
925 758 79 31 from

173 820 101 33 which
291 821 53 32 she
360 822 60 31 had
436 822 78 31 been
529 821 169 32 awakened
700 841 41 2 —
744 832 74 21 over
834 820 53 32 the
903 819 101 43 proud

173 881 96 32 belief
287 882 31 32 in
333 882 102 32 which
452 882 53 32 she
521 882 62 32 had
599 882 83 32 lived
699 882 34 32 of
752 882 51 32 the
821 881 136 32 holiness
974 880 36 33 of

174 942 54 33 her
244 943 70 32 love
328 944 6 31 !
382 943 29 32 It
426 955 65 20 was
511 955 89 30 gone,
617 943 61 32 and
694 943 45 32 for
755 955 73 20 ever
842 957 6 26 ;
873 943 61 32 and
950 942 55 33 the

173 1004 123 42 passion
324 1004 74 32 with
426 1005 99 31 Avhich
557 1005 53 31 she
641 1004 62 32 had
734 1004 134 42 inspired
896 1004 110 32 Victor

174 1076 63 20 was
254 1066 34 30 of
305 1077 40 20 no
362 1066 87 32 other
464 1071 107 27 nature
586 1067 76 31 than
678 1065 68 33 that
762 1066 101 31 which
885 1066 38 31 he
943 1066 63 31 had

174 1126 53 31 felt
242 1126 46 31 for
304 1127 122 40 Berthe,
443 1128 70 31 Avho
537 1140 33 19 so
587 1128 78 31 little
683 1128 150 31 deserved
849 1127 48 32 his
915 1127 90 32 affec-

174 1187 75 32 tion.
293 1188 77 31 Was
396 1189 61 31 this
482 1189 109 31 indeed
616 1190 59 31 so?
731 1189 82 32 That
837 1189 54 32 she
916 1190 90 31 could

175 1254 53 25 not
251 1249 99 40 knoAV,
374 1254 83 27 must
480 1262 94 19 never
597 1250 72 31 dare
685 1250 78 32 wish
785 1262 78 20 even
887 1256 32 27 to
945 1251 62 32 dis-

176 1322 91 20 cover
281 1323 6 27 ;
311 1310 24 31 it
349 1322 64 19 was
435 1311 123 41 enough
577 1311 66 32 that
664 1311 54 32 the
736 1312 136 42 possible
892 1312 114 43 rivalry

177 1370 73 36 with
277 1370 75 32 such
376 1371 127 31 another
530 1371 59 31 had
615 1372 80 31 been
722 1372 72 32 held
825 1385 41 30 up
901 1373 105 33 before

176 1433 55 32 her
246 1444 80 30 eyes,
348 1432 61 32 and
429 1432 30 31 in
476 1432 50 32 the
543 1433 171 32 deadliness
735 1433 33 32 of
787 1434 56 32 her
865 1434 65 32 fear
954 1435 51 42 lay

177 1494 52 33 the
246 1494 97 31 Avhole
360 1493 114 41 Aveight
490 1494 34 31 of
535 1494 55 32 her
605 1494 207 41 punishment.
