1079 1710
266 97 65 21 THE
354 98 104 21 NIGHT
481 99 39 20 OF
542 99 85 20 THAT
651 98 74 21 DAY.

849 93 48 25 261

220 184 57 21 one
294 179 82 27 must
391 175 38 32 be
446 180 67 27 sent
622 175 113 42 replied
751 175 52 40 he;

78 245 62 30 you
163 240 84 26 must
269 236 91 32 listen
383 241 33 27 to
438 248 59 29 me,
520 237 108 40 Claire,
653 237 60 31 and
735 248 61 30 you
818 241 82 27 must

80 294 78 43 obey
174 308 59 29 me,
254 297 46 31 for
322 298 16 30 I
361 309 58 20 can
442 302 95 28 waste
559 309 39 21 no
622 298 108 32 words.
777 298 14 31 I
808 298 92 30 know

79 355 85 33 what
180 357 57 32 has
253 358 171 42 happened,
442 359 56 31 but
518 359 15 31 I
556 359 75 32 shall
651 364 55 26 not
727 359 80 31 have
827 359 73 31 time

78 422 33 27 to
123 419 55 31 tell
189 431 62 30 you
266 420 69 32 that
337 439 40 5 —
380 420 15 32 I
411 420 76 32 shall
503 421 38 31 be
558 420 78 32 dead
651 420 29 32 in
697 421 59 32 less
771 420 75 32 than
862 432 38 20 an

78 479 86 34 hour.
211 481 97 32 Don't
327 481 105 32 shrink
454 493 33 20 so
499 495 6 28 ;
529 482 37 31 be
583 482 152 40 steadfast,
754 482 60 31 and
829 482 70 31 look

79 541 23 32 it
120 541 30 32 in
169 541 53 33 the
238 542 66 32 face
316 556 7 27 ;
349 543 16 31 I
389 543 47 39 do,
454 543 100 31 Claire
567 556 5 18 :
597 543 60 31 and
678 543 15 31 I
714 555 104 19 assure
840 555 60 30 you

78 601 52 32 it's
152 606 55 28 not
227 606 34 28 at
281 602 40 32 all
337 602 84 32 what
439 602 15 31 I
470 602 119 32 fancied
590 622 41 2 —
633 614 52 30 my
700 602 93 32 lower
812 602 88 32 limbs

78 674 53 20 are
156 663 77 32 dead
255 663 133 41 already,
413 663 57 31 but
492 663 16 31 I
531 663 84 32 don't
637 663 60 32 feel
718 674 60 30 any
793 663 64 32 fear
860 681 40 5 —

78 723 51 32 it's
145 723 47 33 far
207 724 60 32 less
284 724 126 32 difficult
427 729 32 27 to
476 724 47 32 die
539 724 75 32 than
630 724 109 42 people

156 784 49 33 Oh
222 784 116 33 Olivier
351 786 6 31 !
382 797 53 29 my
450 796 75 31 poor
542 784 116 33 Olivier
671 786 6 31 !
733 785 165 32 exclaimed

78 845 110 41 Claire,
216 846 135 41 bending
377 846 88 32 down
492 846 55 32 her
571 845 79 33 head
677 846 73 32 with
776 858 41 20 an
843 858 55 20 un-

78 907 199 32 controllable
299 907 55 32 sob
376 919 83 30 upon
480 906 55 33 her
555 906 167 32 husband's
744 907 86 40 knee,
854 907 44 32 for

78 969 30 30 in
124 968 52 32 the
192 968 66 31 face
276 968 34 31 of
327 968 94 31 death
444 968 86 31 there
549 979 64 20 was
636 968 94 31 about
752 968 60 31 this
835 969 61 30 dull

77 1029 125 31 inferior
232 1033 107 27 nature
371 1040 18 20 a
420 1029 116 31 solemn
567 1029 168 42 simplicity,
768 1042 17 18 a
814 1030 83 41 plain

77 1090 219 42 working-day
313 1094 64 27 sort
399 1089 35 32 of
451 1090 155 31 readiness
630 1094 32 27 to
685 1102 39 29 go
748 1090 87 31 when
858 1090 38 31 he

77 1163 64 20 Avas
168 1150 106 40 called,
300 1150 68 32 that
398 1150 132 32 touched
559 1150 54 32 her
643 1151 60 31 and
728 1151 87 32 made
842 1152 54 31 her

77 1213 108 41 quiver
200 1217 33 26 to
249 1212 52 31 the
317 1223 76 30 very
409 1216 101 26 centre
527 1211 33 31 of
570 1211 55 31 her
640 1211 101 42 being.

113 1274 116 33 Olivier
236 1273 61 31 laid
306 1273 48 31 his
365 1272 81 31 hand
454 1272 139 42 tenderly
602 1284 37 19 on
649 1273 46 31 his
706 1273 94 32 wife's
807 1274 87 40 head,

74 1336 71 39 and,
163 1334 136 41 through
315 1334 52 31 the
390 1334 83 31 thick
492 1346 116 19 masses
628 1334 33 32 of
675 1334 55 32 her
745 1335 74 40 hair,
842 1336 52 31 the

74 1396 73 32 chill
167 1395 34 32 of
215 1395 88 31 those
319 1394 118 31 marble
453 1394 111 41 fingers
583 1395 130 32 reached
729 1396 55 31 her
798 1397 95 30 brain.

148 1457 66 33 The
237 1461 71 37 past
329 1455 25 31 is
374 1460 79 36 past,
599 1457 65 31 said
682 1457 47 40 he,
778 1458 56 31 but
850 1469 44 21 we

72 1524 84 27 must
172 1529 73 21 save
263 1516 41 32 all
320 1528 46 19 we
383 1528 55 19 can
455 1516 31 31 in
501 1516 52 32 the
569 1517 111 32 future.
716 1518 14 31 I
748 1529 58 22 see,
824 1529 33 20 as
873 1518 21 32 it
