1079 1710
131 77 33 27 10

364 83 83 21 LOVE
470 83 63 21 THE
557 81 158 23 AVENGER.

129 161 186 32 Combeville
346 160 194 42 catastrophe
567 159 74 32 with
674 157 133 43 nothing
835 167 73 22 save
934 167 17 21 a

127 222 58 32 few
201 222 153 33 scratches
370 222 60 33 and
446 222 114 41 sundry
573 222 149 40 damages
738 225 32 27 to
787 219 55 32 her
854 219 95 41 dress,

128 283 53 33 but
197 284 53 32 she
266 284 81 32 lived
362 284 31 32 in
409 296 18 20 a
441 295 75 30 very
527 283 114 32 retired
653 294 129 21 manner
794 287 34 27 at
839 283 109 39 Tours,

125 345 61 32 and
201 357 40 20 no
256 357 57 20 one
336 357 33 20 as
385 349 52 39 yet
459 345 90 32 knew
565 344 55 33 her
642 344 42 43 by
700 344 91 42 sight.
840 344 29 32 It
885 355 65 20 Avas

124 407 132 42 vaguely
271 407 111 31 known
405 407 67 32 that
495 407 42 32 M.
555 407 38 31 de
615 407 142 31 Lancour
781 406 62 32 had
863 417 85 21 some

125 468 83 32 illicit
232 469 178 31 connection
433 469 75 31 Avith
523 468 127 32 another
672 469 100 31 man's
795 467 78 41 Avife,
891 467 57 32 but

124 540 39 20 no
194 529 179 41 particulars
411 529 61 31 had
510 529 182 42 transpired,
732 529 61 31 and
831 528 115 32 Berthe

124 589 101 31 Avould
249 594 53 26 not
328 589 78 31 have
432 590 177 31 committed
636 590 52 31 the
713 590 178 32 indecorum
917 589 34 33 of

123 651 94 41 going
253 651 30 30 in
321 662 109 30 person
468 663 77 20 even
575 656 33 27 to
638 652 135 32 Victor's
804 652 74 32 door
912 657 33 27 to

123 711 116 40 inquire
256 711 77 32 after
348 711 72 33 him.

166 772 137 32 Solitude
330 772 38 32 he
395 773 51 31 did
471 773 73 32 then
575 774 30 31 in
636 775 108 41 reality
775 786 105 21 secure
911 779 31 28 to

123 831 124 32 himself
265 832 46 32 for
333 844 18 19 a
372 833 97 32 whole
492 834 157 41 fortnight,
668 835 60 31 and
747 835 112 41 during
874 835 68 32 that

123 893 71 31 time
217 893 38 32 he
278 893 132 42 thought
436 899 53 27 out
513 907 92 30 many
627 907 19 20 a
669 896 97 32 moral
791 897 150 41 problem,

123 954 58 30 and
208 954 59 31 laid
293 954 87 32 down
406 955 47 31 for
478 956 126 32 himself
630 968 84 21 some
739 957 34 32 of
797 957 55 33 the
882 958 59 32 few

123 1014 159 42 principles
298 1014 37 32 he
351 1027 64 20 Avas
429 1020 53 37 yet
496 1016 31 31 in
543 1016 73 33 time
631 1021 33 28 to
680 1018 73 32 hold
768 1018 49 41 by.

164 1074 44 32 At
245 1075 67 40 last,
351 1087 57 20 one
445 1077 142 41 morning
624 1078 77 32 after
731 1079 127 42 reading
888 1079 52 33 the

121 1134 162 42 Moniteur,
312 1136 38 31 he
375 1137 147 42 suddenly
548 1150 78 30 rang
650 1139 46 32 for
725 1140 48 32 his
804 1147 134 36 servant,

122 1195 124 32 ordered
271 1196 62 32 him
357 1201 31 27 to
413 1198 79 41 pack
517 1210 41 30 up
588 1200 47 31 his
665 1200 104 42 valise,
795 1207 96 28 wrote
922 1216 18 20 a

121 1255 84 33 short
227 1261 72 27 note
322 1262 29 26 to
375 1258 46 31 his
444 1259 125 41 colonel,
587 1261 127 32 another
736 1266 34 28 to
793 1264 146 34 Madame

120 1316 36 32 de
180 1317 166 41 Mottefort,
364 1318 59 32 and
443 1320 72 31 took
536 1320 52 33 the
612 1321 157 33 afternoon
792 1325 81 32 train
896 1338 42 31 up

118 1380 32 28 to
166 1376 95 41 Paris,
278 1378 123 42 looking
416 1391 33 20 as
465 1380 118 42 though
600 1394 83 21 some
705 1387 233 43 extraordinary

118 1437 84 41 piece
227 1437 34 32 of
282 1438 70 32 luck
377 1439 60 32 had
466 1441 155 41 lightened
646 1443 63 33 him
736 1445 35 31 of
797 1446 66 32 half
889 1448 47 32 his

117 1509 84 21 cares
217 1503 31 28 at
265 1510 84 22 once.
