1079 1710
888 91 50 26 107

334 95 123 22 COMING
480 98 39 19 TO
541 98 64 19 THE
629 98 101 19 POINT.

166 170 100 33 These
294 173 119 42 closing
427 175 99 31 words
552 175 54 32 she
630 175 164 40 mumbled,
812 176 55 31 but
889 175 51 31 her

120 232 108 32 visitor
243 234 95 32 heard
354 236 93 31 them.

317 297 144 41 rejoined,
487 298 107 41 coolly,
621 298 81 32 Mile,
729 298 35 32 de
788 297 154 41 Mourjon-

121 355 92 42 ville;
279 358 61 31 and
369 358 141 43 perhaps,
540 359 75 32 after
646 360 48 40 all,
723 360 15 31 I
768 370 71 31 may
864 358 78 32 have

120 417 129 32 allowed
265 419 114 41 myself
388 424 32 27 to
436 420 37 32 be
490 432 57 20 run
562 432 88 30 away
666 420 73 32 with
756 421 39 41 by
810 432 52 30 my
878 419 65 32 zeal

120 479 32 30 in
182 490 78 30 your
285 480 114 32 service
414 494 6 27 ;
454 481 46 31 for
526 481 25 31 it
574 482 107 31 almost
706 493 97 20 seems
828 486 31 26 to
883 492 57 29 me,

121 551 78 29 now,
218 552 33 20 as
267 541 119 42 though
403 542 15 31 I
434 542 79 32 need
528 547 53 27 not
596 543 78 31 have
696 543 76 31 been
788 542 30 31 in
835 541 74 32 such
925 553 18 20 a

121 602 102 42 hurry.
270 603 16 31 I
309 604 61 30 will
386 605 113 40 permit
515 606 115 40 myself
649 610 32 26 to
696 605 71 32 take
790 617 18 19 a
832 609 73 36 seat,
922 604 23 31 if

120 674 63 30 you
368 664 53 32 she
448 665 73 32 then
548 666 107 40 added,
683 665 257 43 parenthetically,

121 736 44 29 as,
186 725 74 30 with
284 737 39 18 an
348 726 122 41 aplomb
496 726 66 32 that
589 727 156 41 well-nigh
773 727 93 31 drove
889 727 53 31 the

121 786 154 41 Dowager
292 791 53 27 out
362 787 34 31 of
414 787 121 41 herself,
561 789 52 31 she
641 789 110 32 settled
776 789 54 32 her
850 789 91 31 skirts

121 859 83 29 upon
221 859 17 19 a
254 848 61 30 low
331 848 83 31 chair
429 860 75 20 near
522 849 52 32 the
591 849 62 40 fire,
672 849 59 32 and
746 849 196 41 deliberately

120 908 184 32 unfastened
320 909 55 31 her
402 909 125 42 paletot,
546 910 66 31 half
631 910 159 41 removing
817 910 23 31 it
866 910 76 31 from

118 970 55 31 her
189 970 167 31 shoulders.

165 1032 61 32 She
250 1033 90 31 made
357 1032 118 32 herself
492 1032 185 42 thoroughly
701 1037 32 27 at
756 1032 99 40 home,
880 1032 58 31 this

119 1093 230 40 insupportable
366 1105 120 20 woman
499 1095 6 30 !

195 1153 92 40 Well,
301 1153 83 33 what
399 1154 26 32 is
442 1154 22 32 it
474 1154 68 32 that
557 1166 61 30 you
634 1154 78 32 have
728 1159 31 27 to
775 1154 53 32 tell
843 1166 49 20 me

120 1215 95 32 broke
232 1214 79 33 forth
327 1215 51 32 the
395 1215 162 42 Dowager,
575 1215 60 32 still
653 1215 74 32 with
745 1226 83 21 more
845 1215 93 42 impa-

117 1277 100 32 tience
233 1278 76 31 than
322 1282 149 36 courtesy.
542 1277 98 31 What
655 1277 56 31 has
727 1277 184 41 happened?

193 1340 62 30 Are
270 1350 61 30 you
343 1339 81 40 quite
441 1339 115 31 certain
569 1339 66 31 that
651 1350 39 20 no
704 1350 56 20 one
771 1350 57 20 can
844 1338 94 31 hear?

116 1401 68 31 that
199 1413 40 19 no
256 1412 57 20 one
330 1401 60 30 will
403 1412 85 20 come
504 1401 31 30 in
689 1400 94 31 asked
798 1399 139 42 Aspasie,

116 1462 124 42 quietly,
265 1462 62 31 and
351 1462 110 42 eyeing
483 1461 75 32 with
580 1461 148 31 immense
753 1459 185 32 satisfaction

115 1523 51 33 the
183 1523 143 32 vexation
343 1523 34 32 of
387 1523 55 32 her
458 1527 163 36 opponent.
