1079 1710
410 83 60 21 FOR
493 84 89 20 EVER.

869 77 33 26 57

83 156 114 43 adding
227 157 120 33 thereto
374 159 51 32 the
456 159 169 41 receptions
663 159 59 32 and
759 159 77 32 balls
875 159 33 31 of

83 217 53 33 the
160 218 98 43 Corps
281 220 237 41 Diplomatique,
541 220 99 31 which
655 232 62 20 was
741 232 18 20 a
778 220 74 31 kind
876 220 32 31 of

86 280 187 31 concession.

129 341 93 31 From
237 342 75 31 time
328 347 31 27 to
375 343 73 31 time
467 343 42 32 M.
528 343 36 31 de
581 343 182 31 Beauvoisin
786 354 119 20 accom-

86 402 111 41 panied
220 402 48 32 his
289 403 78 40 wife,
392 404 60 31 and
478 404 78 31 theu-
583 404 165 31 behaviour
773 409 31 27 to
831 404 74 32 each

87 463 88 31 other
199 475 63 20 was
292 464 164 42 uniformly
482 465 124 31 marked
636 465 41 41 by
699 470 89 36 great
817 465 87 31 kind-

86 536 72 19 ness
180 536 39 20 on
240 525 54 32 her
317 526 73 39 side,
412 526 61 31 and
494 537 38 20 an
550 525 240 32 unmistakeable
807 525 97 32 defer-

88 597 73 20 ence
178 598 39 19 on
233 586 55 31 his.

132 646 66 32 One
228 647 96 40 night,
359 651 31 26 at
426 658 19 19 a
474 651 122 26 concert
626 652 31 26 at
687 646 52 32 the
769 647 68 31 Due
867 647 37 31 de

87 708 187 39 Vivienne's,
299 707 52 32 the
378 707 63 31 talk
473 719 62 19 was
561 708 194 41 everywhere
786 708 34 31 of
852 708 52 32 the

86 766 172 42 expedition
281 771 32 26 to
340 766 134 42 Algeria.
523 766 82 32 Such
630 766 85 42 glory
741 766 60 32 had
827 767 78 31 been

86 826 144 32 achieved
243 828 6 30 !
284 826 74 32 such
379 827 91 31 deeds
491 826 61 32 had
572 828 78 31 been
666 828 77 30 done
754 828 6 31 !
792 839 40 19 no
848 838 56 20 one

86 887 94 42 spoke
202 887 33 31 of
258 887 150 42 anything
429 899 74 19 save
526 887 52 32 the
600 887 143 32 bulletins
766 887 138 32 received

83 948 69 32 that
167 949 151 41 morning.
365 948 42 32 M.
426 949 36 31 de
484 949 168 31 Lancour's
678 960 90 20 name
787 960 62 20 was
873 949 31 30 in

85 1021 92 21 everv
208 1010 116 37 mouth,
355 1010 45 32 for
429 1015 32 27 to
491 1011 64 30 him
592 1012 139 30 reverted
769 1023 18 19 a
821 1011 83 36 lar^e

82 1071 120 41 portion
224 1071 34 32 of
273 1071 52 32 the
348 1071 132 32 brilliant
501 1083 121 20 success
639 1072 154 32 achieved.
838 1073 66 30 The

82 1136 104 37 troops
213 1133 95 31 under
339 1133 47 31 his
413 1133 104 31 orders
547 1133 62 31 had
635 1133 114 42 mainly
778 1133 126 32 decided

81 1193 53 31 the
150 1193 66 32 first
231 1194 86 41 day's
334 1194 126 41 victory,
486 1194 59 31 and
566 1199 31 27 to
620 1194 52 32 the
688 1194 72 32 Avise
783 1206 34 20 as
834 1194 70 32 well

82 1266 34 20 as
133 1254 108 42 daring
256 1266 127 21 manner
398 1255 31 31 in
445 1255 100 31 which
561 1255 39 32 he
615 1255 61 32 had
698 1255 49 32 led
767 1255 48 32 his
832 1267 72 20 men

82 1327 63 20 was
168 1316 197 32 attributable
385 1316 50 32 the
456 1316 167 42 important
639 1316 94 32 result
749 1316 151 33 obtained.

81 1376 108 33 Victor
204 1376 59 34 had
284 1378 78 32 been
383 1377 160 42 promoted
562 1382 32 28 to
613 1377 53 33 the
688 1378 78 32 rank
789 1377 34 33 of
838 1376 73 43 chef

81 1439 193 40 d'escadron,
295 1439 60 31 and
372 1451 62 19 Avas
457 1439 53 32 the
528 1443 154 38 youngest
727 1438 176 33 command-

174 1501 97 32 ofthe
288 1501 125 32 African
429 1513 94 28 army.
