1079 1710
900 82 50 25 215

460 86 59 22 TOO
542 86 92 22 DEAR.

134 160 61 31 this
221 160 40 42 by
278 160 127 43 making
427 174 40 19 an
491 167 130 38 attempt
643 176 80 29 upon
739 164 42 32 M.
799 164 37 31 de
853 164 99 31 Beau-

134 221 123 32 voisin's
274 222 203 33 coat-button.
523 224 51 32 He
590 225 101 31 Avould
713 225 36 32 be
772 225 103 40 heard,
891 225 61 31 and

134 282 84 33 Avhat
245 283 38 32 he
308 285 123 31 Avanted
454 289 32 27 to
512 298 54 29 say
597 298 63 20 was
690 286 150 42 precisely
870 286 82 32 what

134 345 122 32 Gaston
283 345 61 32 had
367 346 123 32 alluded
514 352 32 27 to
560 360 6 20 :
569 366 41 4 —
612 348 38 31 he
667 348 120 32 wanted
808 352 32 28 to
863 348 89 31 make

134 419 70 20 sure
213 407 70 32 that
296 407 115 32 Olivier
421 408 101 31 would
531 414 54 25 not
595 409 67 41 join
677 409 52 31 the
739 414 88 36 great
843 409 109 32 landed

133 468 186 41 proprietors
346 468 35 31 of
400 468 51 32 the
475 469 201 41 department,
704 470 52 31 the
780 470 172 41 gentlemen

134 530 36 31 of
204 530 252 33 Savre-et-Merle
494 531 31 31 in
555 531 104 42 trying
687 536 32 27 to
749 536 128 38 prevent
906 532 46 31 his

134 591 94 41 being
242 591 178 32 nominated
436 591 157 32 chairman
615 592 35 32 of
667 592 53 32 the
735 592 95 32 board
846 604 39 20 on
900 592 52 32 the

133 663 69 21 new
217 652 117 31 branch
351 652 33 32 of
394 652 52 32 the
461 652 132 32 railroad
609 652 78 32 from
703 653 133 41 Brunoy.
900 652 50 32 He

134 713 124 31 Avanted
283 712 65 42 just
372 712 77 40 that,
467 712 71 41 only
554 712 67 32 that
632 713 5 32 !
662 713 62 31 and
754 713 115 31 Olivier
900 713 51 31 did

132 779 54 27 not
210 774 72 32 dare
313 779 31 27 to
373 773 86 41 flatly
479 773 143 42 negative
652 773 47 32 his
724 778 129 37 request.
901 773 50 33 He

131 834 171 43 attempted
322 839 32 27 to
375 834 90 32 make
481 834 185 32 Mardonnet
681 834 188 31 understand
884 834 68 31 that

131 902 34 27 at
183 897 67 31 that
271 900 138 28 moment
435 895 38 32 he
497 906 63 21 was
582 895 31 31 in
634 906 18 20 a
669 895 94 41 hurry
784 895 60 31 and
864 895 88 31 could

131 962 56 27 not
206 957 136 42 possibly
362 956 105 32 attend
488 960 31 27 to
540 955 147 39 business,
709 956 55 30 but
784 955 76 40 that,
913 959 33 28 at

132 1030 85 20 some
250 1018 87 32 other
498 1021 56 27 etc.
600 1017 64 30 Yes
676 1017 6 31 !
715 1016 55 31 but
803 1021 33 27 at
869 1017 81 31 what

165 1079 88 31 other
267 1078 97 31 time?
431 1077 66 31 The
517 1088 68 20 new
602 1077 112 41 deputy
730 1077 115 31 wished
864 1081 32 27 to
913 1077 36 32 be

131 1139 126 43 precise,
279 1138 61 33 and
361 1138 124 42 pressed
509 1138 45 31 for
581 1138 51 31 the
648 1138 100 39 when,
764 1138 53 31 the
838 1137 109 40 where,

130 1200 63 33 and
213 1200 53 32 the
284 1199 70 31 how
366 1212 6 27 ;
396 1199 46 31 for
464 1199 52 31 the
538 1199 96 41 place,
651 1199 52 31 the
728 1199 68 41 day,
813 1199 62 31 and
896 1199 52 33 the

130 1263 79 31 hour
220 1275 7 27 ;
251 1260 60 33 and
329 1260 124 40 Olivier,
471 1260 31 31 in
522 1271 39 20 an
585 1271 102 30 agony
710 1260 34 31 of
763 1260 185 33 embarrass-

129 1328 110 36 ments,
255 1321 134 42 scarcely
400 1321 90 32 knew
502 1321 41 41 by
554 1332 105 20 means
676 1320 34 33 of
721 1321 82 32 what
816 1321 132 42 promise

128 1385 39 32 he
186 1384 62 32 had
269 1381 167 34 extricated
456 1381 124 32 himself
598 1381 77 32 from
692 1381 50 33 the
764 1382 137 32 clutches
919 1381 33 33 of

128 1447 48 33 his
195 1449 168 29 tormentor
374 1458 6 26 ;
400 1443 38 32 he
460 1442 50 33 did
527 1447 55 28 not
597 1443 60 32 like
678 1447 32 28 to
723 1443 90 32 think
832 1443 35 32 of
887 1444 32 32 it.

173 1508 65 32 The
261 1511 75 27 next
358 1505 69 41 day,
444 1510 32 26 at
495 1516 87 26 noon,
599 1516 19 20 a
632 1505 72 31 time
726 1505 88 31 when
830 1505 38 31 he
884 1517 60 20 was
