1079 1710
883 80 51 25 199

337 87 64 20 THE
425 86 111 21 CIRCLE
559 87 161 20 NARROWS.

120 161 34 32 of
173 162 53 32 the
242 167 62 28 two
320 164 225 41 neighbouring
559 165 94 32 boxes
667 165 194 32 themselves.
907 164 30 31 A

121 222 75 32 door
219 225 118 40 opened
359 225 60 31 and
442 225 80 40 shut,
546 225 60 31 and
633 225 99 32 Claire
757 225 89 32 knew
869 224 69 31 who

121 284 62 32 had
199 297 87 20 come
301 286 31 31 in
347 286 119 42 though
481 286 52 32 the
552 297 183 22 new-comer
758 286 87 32 stood
868 297 70 21 con-

122 346 113 40 cealed,
268 347 60 31 and
358 347 72 42 only
457 347 95 33 shook
581 347 97 33 hands
704 348 74 32 with
801 347 53 33 the
877 352 61 27 two

122 406 96 32 ladies
238 408 104 32 seated
363 408 30 31 in
414 408 82 32 front
508 422 7 26 ;
538 409 55 32 but
608 409 89 32 when
713 409 52 32 the
781 409 81 32 hand
877 420 62 21 was

124 468 154 32 stretched
298 468 89 41 forth,
411 469 53 32 she
486 469 91 32 knew
591 470 24 31 it
629 474 61 36 too,
708 470 59 31 and
782 469 77 32 from
873 469 66 32 that

122 535 137 26 moment
288 530 56 31 her
375 541 91 31 opera
495 529 81 42 glass
607 541 62 21 was
699 541 39 21 no
768 541 82 21 more
881 529 58 33 laid

124 590 98 40 clown,
248 590 60 31 and
331 590 53 32 she
407 590 110 32 looked
538 590 130 42 actively
684 591 31 31 in
738 602 92 30 every
846 591 93 32 direc-

122 652 65 31 tion
204 663 71 20 save
291 651 31 32 in
336 652 67 32 that
415 651 33 32 of
458 651 53 33 the
526 656 73 27 next
614 652 62 31 box
691 652 54 32 but
756 656 71 36 two,
839 652 100 32 where

122 712 54 32 the
192 724 187 20 new-comer
393 712 61 32 had
464 712 65 40 just
546 713 132 31 entered.

166 774 73 31 And
263 785 32 20 so
320 773 52 32 the
400 773 112 32 second
536 778 49 27 act
609 774 119 41 passed,
756 774 60 31 and
843 773 97 32 Claire

122 835 80 31 tried
231 834 41 32 all
299 835 54 31 she
380 835 89 31 could
493 840 32 26 to
555 835 89 31 listen
671 835 60 31 and
756 834 186 32 understand

124 896 83 31 Avhat
233 907 64 20 was
320 896 95 41 going
440 907 39 20 on
502 907 83 30 upon
610 895 52 32 the
688 899 94 38 stage,
810 895 55 32 but
888 894 53 32 she

125 957 90 32 could
230 961 62 27 not.
332 958 52 29 An
399 956 175 31 irresistible
590 956 79 31 force
692 956 166 42 compelled
877 956 63 39 her,

125 1018 68 40 and,
220 1029 33 19 as
278 1017 53 31 the
358 1017 117 31 curtain
501 1016 134 43 dropped
660 1028 81 31 upon
767 1016 53 32 the
841 1016 100 42 finale

126 1078 34 32 of
178 1078 53 31 the
254 1077 110 32 second
386 1082 56 35 act,
463 1077 55 32 her
537 1089 71 31 eyes
626 1077 163 32 wandered
810 1077 132 32 towards

125 1139 52 31 the
195 1143 69 38 spot
280 1138 103 32 where
402 1138 42 32 M.
463 1138 36 32 de
515 1138 141 32 Lancour
673 1137 94 33 stood.
814 1137 49 32 He
880 1148 61 21 was

125 1203 124 40 leaning
270 1202 121 41 against
416 1201 53 32 the
493 1201 79 31 back
598 1201 35 31 of
653 1200 52 32 the
727 1200 69 40 box,
817 1200 59 30 and
894 1199 48 31 his

125 1263 79 32 head
235 1274 68 19 rose
335 1262 97 31 above
461 1261 68 32 that
560 1261 33 32 of
617 1261 52 31 the
700 1266 61 26 two
791 1260 94 31 ladies
911 1259 32 32 in

126 1324 89 39 front,
241 1323 60 32 and
323 1323 33 31 of
374 1334 18 20 a
406 1322 56 32 fair
479 1322 103 32 haired
603 1333 104 30 young
723 1321 58 42 girl
796 1320 70 32 who
881 1331 62 21 was

125 1385 137 41 bending
287 1384 90 31 doAvn
401 1384 138 31 between
562 1383 93 40 them,
684 1383 59 31 and
766 1381 177 43 apparently

125 1446 168 44 imparting
314 1450 32 27 to
363 1445 85 31 them
469 1457 83 19 some
572 1456 74 29 very
662 1443 177 41 interesting
859 1443 84 41 piece

126 1509 35 32 of
179 1519 96 27 news,
296 1506 46 32 for
361 1506 74 40 they
450 1506 129 31 listened
596 1505 123 41 eagerly
735 1504 59 32 and
812 1503 131 42 laughed
