1079 1710
130 74 52 25 238

360 80 81 20 LOVE
465 80 63 20 THE
552 78 162 21 AVENGER.

127 157 69 31 that
221 157 47 32 his
290 157 82 32 valet
396 157 115 41 caught
532 155 52 32 the
601 154 102 32 words
727 153 62 33 and
818 153 83 32 fixed
921 164 39 20 an

127 219 172 40 inquisitive
315 219 109 40 glance
441 230 82 29 upon
539 218 48 31 his
603 221 124 28 master.

202 281 65 32 The
292 281 177 42 gentleman
495 291 63 21 was
583 291 77 30 very
676 279 218 42 importunate,
913 277 45 31 in-

268 343 164 31 continued
462 342 52 32 the
546 341 149 33 domestic
708 354 6 27 ;
870 351 88 20 came

124 404 86 41 back,
237 405 78 31 after
345 405 37 31 he
413 405 61 31 had
499 403 111 32 turned
634 407 33 28 to
692 414 41 31 go
765 413 97 31 away,
897 401 61 32 and

124 466 73 40 said,
221 466 15 31 I
248 470 82 27 must
346 467 37 30 be
401 466 82 41 quite
500 478 68 19 sure
584 469 32 28 to
640 464 53 32 tell
710 465 42 31 M.
771 464 28 31 le
815 462 142 43 Marquis

122 527 68 31 that
206 527 25 31 if
250 527 38 31 he
313 527 94 31 found
435 540 39 18 no
502 539 57 19 one
587 531 35 27 at
644 526 93 31 home
754 530 33 27 at
803 524 151 43 half-past

122 589 58 31 five
197 589 116 41 to-day,
330 589 38 31 he
385 589 102 31 Avould
504 589 37 31 be
558 588 116 32 certain
691 593 31 26 to
739 588 38 31 be
794 587 97 31 found
907 591 48 27 to-

121 661 138 28 morrow,
275 655 33 27 at
324 650 119 40 twelve,
461 650 85 32 atM.
564 650 28 32 le
603 650 69 31 Due
689 650 38 31 de
738 649 182 33 Vivienne's

123 711 127 42 (Olivier
296 711 123 40 started,
467 711 60 32 and
566 711 111 32 turned
716 711 112 41 deadly
857 711 95 42 pale),

150 772 59 31 and
234 772 38 32 he
296 772 138 31 likeAvise
460 772 107 40 added,
594 772 70 32 that
688 772 45 32 M.
762 772 27 31 le
810 772 143 41 Marquis

119 844 62 20 was
213 844 99 20 aware
345 832 34 32 of
401 832 50 32 the
483 832 140 32 business
655 844 83 30 upon
770 832 100 32 which
912 832 39 32 he

118 906 94 20 came.
268 894 32 32 If
318 894 15 31 I
358 894 98 41 might
484 894 38 31 be
550 894 165 42 permitted
741 899 32 27 to
800 894 81 32 have
909 906 40 20 an

118 955 128 42 opinion,
280 955 15 31 I
327 954 109 33 should
473 966 53 30 say
554 954 38 33 he
616 967 65 20 Avas
710 967 17 20 a
754 956 195 42 remarkably

118 1016 249 40 vulgar-looking
457 1017 5 11 '
468 1017 5 10 '

193 1079 61 30 But
269 1079 15 30 I
301 1078 87 31 don't
412 1082 84 27 Avant
522 1090 79 29 your
629 1078 132 42 opinion,

116 1139 191 41 interrupted
319 1139 124 40 Olivier,
456 1139 74 32 with
547 1152 19 19 a
582 1140 204 40 haughtiness
804 1145 30 27 to
846 1141 98 31 Avhich

116 1199 47 31 his
179 1211 68 19 own
271 1200 176 31 attendants
464 1212 80 19 were
563 1201 114 41 utterly
693 1202 251 39 unaccustomed,

115 1261 47 30 his
177 1260 86 31 habit
277 1260 94 42 being
385 1265 33 27 to
434 1261 77 41 spoil
526 1261 47 31 his
590 1267 141 27 servants
744 1263 200 42 thoroughly.

147 1322 70 30 You
232 1332 71 28 may

158 1382 70 31 And
251 1382 52 30 the
320 1382 82 31 valet
424 1382 156 41 departed,
597 1384 135 43 needing
758 1398 41 20 no
823 1387 121 32 further

114 1443 192 32 information
330 1446 31 27 to
387 1443 90 30 teach
502 1443 63 32 him
590 1445 69 32 that
681 1448 178 31 something
883 1448 60 30 had

113 1517 78 28 gone
208 1516 72 29 very
296 1515 108 30 wrong
420 1503 75 32 with
511 1504 47 32 his
574 1511 124 28 master.
