1079 1710
886 71 50 25 207

338 76 64 21 THE
426 77 111 21 CIRCLE
559 77 161 21 NARROWS.

119 150 101 33 There
236 164 61 29 you
312 165 52 20 are
379 153 92 42 again
486 159 32 27 at
530 154 84 32 work
625 154 76 31 with
713 165 76 30 your
803 152 120 31 fictions
931 165 6 27 ;

120 212 56 32 but
200 213 51 32 the
275 214 127 33 Bastille
418 226 63 21 was
505 215 94 32 taken
626 215 31 31 in
682 216 92 38 1792,
791 226 53 29 my
867 213 71 32 dear

121 274 121 34 friends.
290 276 70 32 You
385 278 80 31 can't
482 277 73 32 send
570 276 55 33 her
639 276 86 32 there
737 290 6 27 ;
768 287 56 21 nor
846 280 53 37 get
922 287 16 19 a

123 335 83 32 lettre
222 337 35 31 de
272 337 102 32 cachet
390 337 49 42 (oh
454 338 6 32 !
484 337 26 32 if
528 349 59 30 you
611 337 96 41 could,
725 337 46 32 I'd
791 337 71 42 help
878 348 60 30 you

122 403 31 28 to
180 399 66 32 that
260 414 6 27 ;
299 400 56 32 but
380 412 62 30 you
468 400 91 42 can't)
572 414 6 27 ;
611 412 61 30 you
697 401 81 31 can't
803 405 56 37 put
885 400 53 31 her

121 459 100 42 down,
239 472 34 20 or
288 466 56 37 put
359 461 54 32 her
429 473 96 30 away,
539 473 34 20 or
587 462 32 30 in
635 473 60 30 any
710 473 70 30 way
796 472 141 31 suppress

120 521 63 32 her.
244 521 59 33 We
333 522 60 31 live
424 523 96 31 under
548 522 53 31 the
632 522 155 41 discipline
819 522 34 31 of
885 522 52 31 the

122 583 119 31 blessed
265 584 82 40 code,
365 584 60 31 and
450 595 107 29 mayor
581 583 61 31 and
668 595 70 19 cure
764 583 60 30 will
846 583 90 31 make

118 643 54 32 the
197 644 97 32 whole
319 644 87 41 thing
431 655 107 30 square
550 657 7 27 ;
582 655 33 19 so
641 655 52 30 my
719 643 105 31 advice
846 643 35 41 is,
906 648 31 27 to

119 704 71 31 look
221 705 22 30 it
272 705 32 30 in
333 705 52 31 the
416 705 63 31 face
492 718 6 27 ;
528 716 40 19 no
598 704 120 31 fictions
741 704 61 30 will
830 716 88 20 serve
930 718 6 27 ;

118 765 94 41 you'll
239 765 77 32 have
341 770 32 27 to
398 766 73 31 bear
493 765 33 31 it.
573 765 103 30 You'll
699 765 38 31 be
760 764 47 32 for
824 765 113 41 calling

120 825 54 32 her
186 826 144 31 Madame
343 825 322 32 I-don't-knoAv-what
677 839 6 27 ;
707 825 56 31 but
779 825 48 31 it's
844 826 39 30 all
897 838 39 19 no

117 899 63 20 use.
228 888 88 31 Look
331 887 24 31 it
371 887 31 31 in
416 887 52 31 the
484 886 73 32 face.
604 886 93 31 Make
713 898 40 30 up
769 898 77 30 your
860 886 75 32 little

116 948 101 31 minds
246 953 33 26 to
308 948 24 31 it
344 961 5 27 ;
382 947 80 32 she's
492 946 96 42 going
617 951 31 26 to
675 946 38 31 be
737 947 143 31 Madame
907 947 29 31 la

118 1005 156 42 Marquise
291 1005 37 32 de
344 1005 174 40 Moranges,
535 1004 60 31 and
612 1004 126 32 Claire's
754 1009 75 26 aunt
841 1017 6 27 ;
876 1005 59 31 and

117 1079 78 28 now,
210 1066 37 32 do
262 1066 104 42 please
382 1077 118 21 answer
515 1077 52 30 my
583 1066 139 40 question
723 1085 42 3 —
767 1066 88 31 when
872 1066 24 31 is
912 1066 23 31 it

116 1133 32 26 to

159 1190 112 30 Before
286 1188 144 32 Madame
454 1188 36 32 de
514 1187 151 33 Clavreuil
688 1187 88 32 could
799 1199 132 28 recover,

115 1251 151 39 however,
292 1250 77 31 from
393 1249 60 32 this
479 1249 104 32 attack
610 1248 34 33 of
669 1248 154 33 malicious
848 1249 83 32 volu-

113 1313 97 41 bility,
229 1311 98 32 Henri
344 1312 127 41 Dupont
485 1311 149 42 prepared
648 1315 32 27 to
697 1322 121 20 answer
832 1311 31 31 in
878 1311 53 32 her

113 1374 96 41 place.

189 1434 79 32 That
292 1433 23 31 it
338 1432 61 31 will
421 1432 37 32 be
482 1444 33 20 as
542 1444 61 30 you
634 1444 61 30 say,
727 1432 144 32 Madame
901 1432 28 31 la

333 1493 148 33 observed
509 1493 49 41 he,
681 1494 16 30 I
721 1493 96 40 think,
846 1505 83 19 more
