1079 1710
248 89 65 22 THE
335 91 91 21 DARK
450 92 134 21 SHADOW
607 93 111 20 PASSES
742 93 105 20 AWAY.

903 87 52 27 171

138 163 100 34 aback
253 166 43 42 by
310 167 53 32 the
379 180 83 20 news
476 183 8 27 ;
519 170 46 31 for
587 170 24 31 it
633 182 99 20 seems
755 170 67 32 that
844 170 46 31 for
905 169 52 32 the

138 226 61 32 last
230 228 87 32 week
348 229 24 32 it
395 230 55 32 has
481 231 78 32 been
590 232 111 32 known
732 232 67 31 that
831 232 30 30 in
893 231 65 31 that

139 287 139 33 dreadful
301 296 205 36 engagement
521 292 101 32 where
639 293 106 32 Victor
760 304 63 20 was
840 292 63 32 said
926 296 32 27 to

138 348 80 33 have
260 350 79 32 been
372 352 101 41 killed,
505 353 50 32 the
594 354 138 42 Kabyles
771 354 61 31 had
869 353 88 32 made

139 412 118 30 several
284 413 161 41 prisoners,
472 415 60 31 and
556 415 70 40 had,
655 427 33 20 as
718 426 62 21 was
797 415 159 42 supposed,

139 471 30 32 in
186 472 82 31 their
282 475 174 39 possession
473 480 61 27 two
551 487 34 20 or
600 476 86 32 three
702 476 120 32 French
843 476 115 31 officers

139 533 62 31 and
217 533 144 42 eighteen
378 547 33 19 or
425 539 117 37 twenty
557 547 78 20 men.
683 536 91 32 Some
800 536 158 31 mountain

138 594 61 31 fort
217 595 26 41 (I
259 595 100 41 forget
375 596 39 31 its
429 596 102 41 name)
558 608 63 19 was
646 597 93 31 taken
760 597 82 40 quite
858 596 99 41 lately,

139 656 61 30 and
215 656 53 31 the
285 657 122 31 French
422 658 152 40 prisoners
601 657 40 31 all
662 658 126 31 rescued
804 669 71 20 save
893 669 64 28 one,

140 728 18 20 a
173 717 171 32 lieutenant
360 718 35 31 of
405 718 51 31 the
472 718 67 40 line,
557 719 69 30 who
642 719 62 30 had
731 719 75 31 died.
852 719 106 31 Victor

138 789 64 20 was
219 789 115 29 among
349 778 53 31 the
418 778 138 32 number.
591 779 73 31 This
680 790 63 20 was
760 779 70 41 only
846 779 112 31 known

138 839 42 40 by
196 839 149 40 telegram
362 839 60 31 last
448 839 97 41 night,
568 840 60 30 and
651 840 60 30 this
727 840 141 41 morning
882 851 76 30 your

137 900 100 31 father
263 905 55 36 got
342 900 134 32 Victor's
504 912 68 19 own
597 901 97 39 letter,
722 901 107 41 briefly
846 901 112 41 stating

137 961 70 31 how
222 961 39 31 he
277 961 62 31 had

213 1022 109 32 Victor
346 1023 25 30 is
393 1028 53 25 not
467 1023 78 31 dead
555 1023 6 31 !
611 1023 145 41 repeated
779 1023 53 31 the
854 1034 102 30 young

136 1084 167 42 Marquise,
336 1083 32 32 in
401 1095 17 20 a
455 1083 58 32 low
550 1089 80 35 tone,
663 1084 60 32 and
760 1084 110 32 almost
893 1096 63 20 me-

137 1145 181 41 chanically,
337 1156 34 20 as
393 1145 52 31 she
470 1150 47 27 sat
532 1145 124 42 looking
671 1146 142 42 vacantly
829 1146 127 42 straight

136 1206 104 32 before
267 1205 55 32 her
323 1226 43 2 —
641 1206 60 31 and
732 1206 54 32 her
809 1207 67 41 pale
899 1207 57 42 lips

137 1266 154 41 quivered.

213 1327 17 32 I
245 1326 52 33 tell
313 1338 70 30 you,
401 1326 72 33 dear
489 1327 88 40 child,
590 1327 86 32 there
692 1327 25 33 is
732 1328 47 32 his
794 1328 99 40 letter,
909 1328 46 32 his

136 1400 72 20 own
243 1387 207 42 handwriting
451 1408 43 2 —
494 1388 73 32 read
671 1388 59 32 and
754 1389 142 31 Madame
920 1387 35 32 de

136 1449 157 33 Clavreuil
312 1453 56 38 put
384 1448 51 32 the
463 1449 85 32 sheet
572 1449 34 32 of
624 1461 93 30 paper
744 1449 63 32 into
830 1448 125 33 Claire's

135 1511 122 41 passive
274 1509 83 33 hand
370 1523 7 27 ;
640 1510 54 32 she
716 1509 143 43 pursued,
915 1509 40 31 let
