1079 1710
346 414 196 29 CHAPTER
571 414 86 29 XIIL

315 508 63 21 THE
402 508 111 21 CIRCLE
535 508 160 21 NARROWS.

139 583 69 32 For
237 587 63 28 two
331 596 33 19 or
393 584 86 32 three
511 584 74 41 days
615 583 100 33 Claire
744 582 54 32 felt
828 593 33 20 as
890 580 26 32 if

95 644 55 32 her
173 644 147 42 thoughts
346 644 60 32 had
429 657 39 19 no
492 645 224 41 resting-place.
763 644 60 32 She
849 653 63 20 was

95 705 170 31 breathless
292 705 77 31 from
397 705 121 41 misery,
551 705 61 31 and
640 705 119 41 though
795 705 29 30 in
858 703 55 31 her

95 767 93 30 bitter
203 766 121 41 waking
338 766 92 31 hours
447 766 61 31 and
529 767 30 30 in
574 767 55 31 her
646 767 142 41 sleepless
809 765 103 41 nights

95 827 54 32 she
165 827 77 31 tried
257 832 32 26 to
304 839 85 30 pray,
406 827 54 31 her
478 839 124 29 prayers
617 839 79 19 were
719 827 176 31 incoherent
906 839 6 27 ;

95 888 54 32 she
177 900 62 19 was
264 893 51 26 too
342 888 88 31 weak
453 892 30 27 to
508 888 55 31 ask
584 888 74 31 with
685 888 40 31 all
751 888 53 31 her
829 888 86 31 heart

94 949 47 31 for
163 949 85 31 what
270 948 54 31 her
344 948 88 32 heart
450 960 63 19 was
534 948 156 41 breaking,
712 949 55 31 but
790 952 51 38 yet
863 953 51 26 too

95 1015 109 36 strong
232 1014 33 27 to
294 1009 130 42 petition
453 1009 47 32 for
530 1009 80 32 Avhat
640 1009 53 32 she
729 1010 98 40 might
862 1014 53 27 not

96 1071 107 32 desire.
250 1070 81 31 That
353 1070 52 31 she
421 1069 102 32 would
545 1074 55 27 not
624 1070 37 31 do
675 1083 7 27 ;
713 1070 53 32 she
787 1070 69 32 held
875 1082 39 20 on

96 1132 193 43 desperately
309 1135 31 27 to
366 1131 52 31 the
442 1131 91 40 right,
562 1130 59 32 and
644 1132 115 41 gasped
790 1136 51 27 out
871 1132 43 31 in-

95 1198 121 29 cessant
242 1192 123 43 appeals
396 1198 31 27 to
455 1192 70 33 God
547 1197 30 28 to
602 1192 77 33 have
706 1205 104 31 mercy
833 1206 81 31 upon

95 1257 62 31 her.
206 1254 100 32 Claire
322 1265 63 20 was
401 1253 111 43 utterly
527 1253 89 33 alone
631 1253 32 33 in
679 1254 59 32 this
758 1255 76 41 trial,
855 1256 59 31 and

94 1316 94 34 could
208 1316 69 31 lean
293 1326 82 31 upon
398 1326 39 20 no
461 1326 65 29 one,
552 1315 59 32 and
634 1315 91 43 apply
740 1320 32 27 to
795 1328 39 20 no
858 1328 56 20 one

94 1380 46 31 for
157 1381 127 38 support
297 1390 7 27 ;
327 1376 62 32 and
405 1380 53 28 she
475 1375 89 33 knew
580 1376 31 32 it.

138 1441 83 32 Ever
248 1439 82 31 since
356 1437 51 31 the
432 1437 59 42 day
517 1437 34 32 of
573 1437 132 33 Victor's
731 1443 104 27 return
861 1441 51 31 the

93 1513 106 31 young
233 1499 156 42 Marquise
426 1498 60 32 had
518 1499 139 33 forborne
692 1505 31 27 to
757 1505 81 28 utter
867 1501 45 32 his

790 1568 13 14 0
818 1563 10 19 2
