1079 1710
137 77 50 25 112

367 81 83 20 LOVE
472 79 65 21 THE
560 77 163 22 AVENGER.

134 159 78 32 back
234 159 34 32 of
282 159 54 31 her
356 158 92 39 chair,
466 156 55 32 she
543 160 48 27 sat
607 154 157 40 watching
787 153 57 31 her
871 162 95 32 oppo-

135 225 72 27 nent
223 219 72 33 with
313 231 39 19 an
368 217 132 33 internal
516 216 69 42 glee
606 216 67 31 that
689 214 124 43 pierced
829 212 136 42 through

134 282 53 32 the
214 282 88 31 mask
337 281 34 30 of
397 281 199 30 demureness
627 276 140 44 imposed
798 287 85 30 upon
910 275 56 31 her

135 343 91 39 sharp
243 342 142 31 features.

178 403 65 31 The
264 402 68 41 fury
350 401 33 32 of
400 401 53 32 the
477 400 159 42 Marquise
657 400 91 31 knew
769 410 39 21 no
833 398 130 39 bounds,

134 464 61 33 and
226 464 53 31 she
310 463 105 41 raged,
448 475 33 19 as
505 462 76 32 such
612 462 130 41 shut-up
773 465 126 27 natures
927 459 40 32 do

135 525 88 32 when
241 536 75 21 once
332 525 73 41 they
422 524 96 32 break
533 524 93 32 loose.
677 523 41 42 (It
739 534 64 19 was
820 521 71 43 only
913 520 53 33 the

135 587 83 32 third
234 586 72 33 time
323 586 31 32 in
369 586 56 32 her
437 586 101 32 whole
550 585 73 42 life.)
650 585 86 32 Mile,
752 585 37 31 de
806 583 160 42 Mourjon-

137 649 69 31 ville
216 660 95 20 never
320 648 74 32 took
410 648 54 32 her
480 659 72 31 eyes
569 647 43 33 off
624 647 63 40 her,
705 647 61 31 and
779 647 117 41 edging
912 646 55 32 her

138 710 83 32 chair
241 710 102 31 rather
369 721 108 19 nearer
497 714 33 26 to
556 709 54 31 the
634 708 116 40 fender,
776 707 134 41 seemed,
935 707 32 32 in

137 771 53 32 the
217 782 67 30 way
302 770 33 31 of
357 771 141 41 personal
518 770 136 40 defence,
687 769 112 32 should
826 769 76 32 such
928 769 39 32 be

138 832 131 40 needful,
287 837 31 26 to
334 832 79 31 have
426 832 131 31 reliance
573 844 83 30 upon
673 832 53 31 the
742 836 102 37 tongs,
864 831 103 32 other-

140 894 71 31 wise
227 894 51 31 the
301 905 90 19 scene
416 894 182 41 apparently
614 893 135 32 afforded
774 893 55 32 her
844 893 123 32 intense

136 959 202 27 amusement.
396 954 65 31 The
499 955 155 40 Dowager
684 954 121 32 walked
835 967 41 30 up
908 955 61 31 and

139 1017 89 30 down
244 1016 51 31 the
317 1027 94 28 room,
433 1016 141 41 stamped
589 1016 55 32 her
665 1016 73 39 foot,
756 1016 141 41 gnashed
913 1016 55 32 her

139 1077 92 39 teeth,
250 1076 106 41 glared
372 1081 33 27 at
429 1077 84 32 Mile.
532 1077 141 42 Aspasie,
691 1077 75 32 with
783 1089 40 20 an
844 1089 125 31 expres-

143 1138 65 31 sion
225 1138 34 31 of
278 1138 90 31 fierce
389 1138 162 42 malignity
567 1138 68 33 that
660 1139 132 32 induced
808 1139 55 32 the
880 1152 89 30 saga-

140 1199 83 32 cious
262 1199 260 41 lady-in-waiting
549 1204 31 26 to
612 1199 84 32 draw
735 1201 120 31 several
894 1213 76 31 very

141 1270 93 30 queer
259 1259 191 31 conclusions
482 1259 30 31 in
543 1259 55 32 her
628 1272 68 20 own
728 1262 94 41 mind,
853 1263 117 32 abused

142 1320 55 32 her
222 1320 156 41 violently,
397 1320 60 31 and
482 1320 30 31 in
529 1322 125 40 general
672 1322 148 42 indulged
836 1324 32 32 in
892 1325 77 32 such

141 1382 225 41 intemperance
391 1381 34 31 of
447 1381 167 33 behaviour
644 1384 61 31 and
737 1385 164 42 language,
935 1398 33 20 as

144 1442 141 32 modified
301 1442 52 31 the
374 1442 120 31 notions
510 1442 84 33 Mile,
615 1443 36 32 de
668 1445 218 42 Mourjonville
909 1447 61 33 had

144 1514 34 21 so
195 1502 171 43 frequently
381 1502 95 33 heard
492 1505 201 41 propounded
709 1518 83 30 upon
808 1507 53 33 the
878 1520 91 31 supe-
