1079 1710
908 82 52 26 231

472 88 59 22 TOO
554 89 91 21 DEAR.

144 171 83 31 upon
243 161 46 32 his
305 162 79 33 head
400 165 89 30 could
503 170 55 26 not
574 165 76 31 have
674 164 88 32 acted
784 176 32 20 as
840 176 18 19 a
879 175 84 20 more

143 226 110 38 potent
276 224 196 42 refrigerator
494 238 82 30 upon
602 226 114 32 Olivier
739 226 74 31 than
838 225 50 31 did
912 224 51 32 the

144 285 138 31 mention
320 287 34 31 of
385 287 52 31 the
476 298 68 20 sum
581 287 148 42 required.
776 287 73 31 This
882 298 80 27 man,

146 345 103 33 whose
265 359 76 30 very
356 348 97 32 latent
474 360 114 31 energy
603 348 62 32 had
680 349 77 31 been
774 348 95 32 called
884 347 81 32 forth

146 407 32 31 in
200 409 167 32 resistance
392 415 32 26 to
450 409 82 32 what
558 409 39 32 he
624 409 149 42 regarded
797 421 33 20 as
857 420 39 20 an
920 409 45 30 in-

147 469 146 33 tolerable
317 470 124 42 danger,
459 483 64 19 was
546 470 94 42 ready
663 483 70 20 now
755 476 31 27 to
802 471 82 31 front
899 470 67 32 that

147 530 117 42 danger
297 532 102 31 rather
433 532 75 31 than
538 544 60 30 pay
624 532 52 31 the
702 533 83 41 price
811 532 67 31 that
903 542 63 21 was

146 592 141 41 required
309 592 77 32 from
410 592 72 40 him,
501 593 30 31 in
550 593 88 31 order
662 597 32 27 to
718 597 84 27 avert
823 593 31 31 it.
901 592 65 31 The

149 654 83 41 price
248 654 73 31 took
336 665 70 20 now
420 653 53 32 the
489 653 76 32 form
582 654 34 31 of
635 654 52 31 the
704 653 186 40 intolerable,
908 652 58 32 and

148 715 52 31 the
225 727 32 19 so
275 715 131 31 dreaded
422 715 116 41 danger
561 715 131 31 receded
713 714 66 32 into
801 714 53 32 the
876 713 90 32 back-

148 776 128 42 ground,
299 776 158 41 assuming
481 776 46 31 for
548 776 54 31 the
627 780 136 27 moment
785 787 18 20 a
827 775 139 32 bearable

148 841 114 36 aspect.

226 898 75 31 Two
327 896 141 32 hundred
493 896 154 32 thousand
673 896 99 31 francs
786 897 6 31 !
855 895 113 32 echoed

149 960 45 31 M.
213 959 37 31 de
276 957 194 40 Beauvoisin,
496 956 211 42 considerably
732 956 164 42 perplexed
917 956 51 32 be-

149 1025 103 26 tween
266 1018 48 32 his
330 1018 104 31 innate
450 1017 64 32 fear
537 1017 34 31 of
590 1017 85 31 Mile,
695 1017 36 31 de
757 1016 211 42 Mourjonville

151 1080 63 32 and
242 1080 47 30 his
321 1077 191 42 indignation
547 1083 31 26 at
611 1078 52 31 the
692 1078 43 38 (as
762 1077 38 32 he
826 1077 141 42 thought)

153 1145 188 36 outrageous
358 1138 132 32 demand
506 1150 38 20 on
559 1138 47 32 his
622 1150 98 30 purse.

230 1203 74 30 Two
332 1200 140 32 hundred
494 1199 153 33 thousand
827 1200 142 42 repeated

152 1264 141 42 Aspasie,
311 1262 115 41 mildly.
506 1261 65 32 Ten
586 1261 152 32 thousand
751 1261 98 32 francs
865 1273 18 20 a
898 1273 71 30 year

153 1331 31 28 at
202 1326 60 31 five
287 1336 55 30 per
366 1328 78 27 cent.
491 1323 30 31 It
544 1323 25 31 is
594 1322 53 32 the
670 1323 82 42 price
776 1327 31 27 at
831 1324 99 31 which
956 1325 13 30 I

153 1399 58 21 can
234 1385 98 33 afford
354 1389 31 26 to
409 1389 85 26 enter
525 1384 64 30 into
621 1384 52 31 the
696 1384 186 31 transaction
910 1397 59 28 you

152 1459 140 33 propose,
310 1447 131 31 because
457 1445 90 31 Avhen
562 1445 15 31 I
593 1445 78 31 have
688 1445 124 32 entered
826 1446 64 30 into
906 1445 32 41 it,
956 1446 13 30 I

153 1511 101 33 forfeit
271 1509 39 32 all
325 1508 100 32 future
442 1507 89 32 claim
547 1519 82 29 upon
646 1519 51 29 my
719 1507 250 40 brother-in-law,
