1079 1710
905 87 50 25 217

463 94 59 21 TOO
545 94 93 21 DEAR.

137 177 55 30 eye
219 167 131 42 glanced
377 170 101 40 about,
507 170 55 32 her
586 182 66 20 ears
676 182 80 20 were
781 170 177 42 apparently

138 227 174 44 sharpened
312 250 43 4 —
357 231 53 32 she
433 243 62 20 was
519 232 151 41 listening,
688 243 32 20 or
739 231 169 41 searching,
925 242 33 20 or

139 302 39 20 on
209 292 52 32 the
292 293 102 32 watch
420 293 30 32 in
476 294 84 32 short
573 308 6 27 ;
612 294 55 32 but
693 293 114 33 Olivier
831 294 47 32 did
904 299 54 27 not

139 359 72 26 note
243 354 40 31 all
312 354 72 41 this,
417 355 61 32 and
509 355 38 32 he
577 355 109 32 looked
716 367 33 20 as
779 355 118 42 though
935 356 23 31 it

139 414 134 33 relieved
289 415 63 32 him
369 420 31 27 to
416 417 39 30 be
470 416 73 31 with
560 416 61 31 her.

215 476 30 32 It
254 476 25 32 is
292 477 128 31 difficult
433 477 45 31 for
494 490 48 19 me
557 490 70 19 now
642 482 32 27 to
689 482 53 38 get
894 477 64 31 said

140 537 84 32 Mile.
251 539 141 41 Aspasie,
418 550 34 20 as
477 539 53 31 she
558 539 96 31 shook
681 539 100 31 hands
804 539 75 31 with
904 538 54 32 her

139 599 116 31 visitor.
325 599 63 32 She
405 600 72 31 does
493 605 54 26 not
562 601 60 30 like
637 612 50 19 me
702 606 32 25 to
751 600 36 31 be
804 612 18 19 a
838 604 120 37 quarter

140 659 34 32 of
186 671 39 20 an
241 660 79 32 hour
336 665 53 27 out
405 661 34 30 of
450 661 55 30 her

215 722 30 30 Is
262 722 54 31 she
332 733 40 19 no
550 722 94 32 asked
656 723 43 31 M.
715 722 36 31 de
764 722 192 40 Beauvoisin,

138 782 31 30 in
192 793 19 19 a
229 786 71 27 tone
323 782 68 31 that
413 782 52 31 the
488 782 112 42 deeper
622 783 74 30 hold
720 783 143 31 obtained
886 794 70 20 over

138 842 63 31 him
232 843 41 41 by
304 855 84 20 some
419 843 86 32 other
529 843 117 41 subject
671 844 147 31 rendered
847 845 109 30 almost

136 904 181 31 indifferent.

216 967 183 31 Sometimes
423 967 108 38 better,
559 966 172 32 sometimes
909 978 47 21 re-

137 1027 82 41 plied
240 1028 84 31 Mile,
348 1028 37 31 de
404 1028 222 40 Mourjonville,
648 1028 74 31 with
743 1039 38 20 an
803 1033 105 28 accent
927 1029 33 32 of

138 1088 211 42 compassion;
405 1100 76 30 poor
501 1088 99 42 thing!
626 1088 52 33 she
695 1088 62 33 had
771 1089 109 42 hardly
896 1102 59 30 any

138 1150 83 41 sleep
238 1154 33 27 at
288 1149 40 31 all
345 1149 59 31 last
418 1149 98 41 night,
535 1160 32 21 so
585 1149 68 32 that
668 1149 61 32 this
745 1151 141 41 morning
901 1151 53 31 she

136 1212 55 31 has
208 1210 137 41 dropped
361 1210 44 32 off
416 1221 75 21 once
507 1222 34 20 or

211 1273 73 31 And
300 1272 55 32 she
371 1272 24 32 is
413 1272 102 41 asleep
530 1275 93 30 uoav?
678 1273 134 40 rejoined
828 1273 122 32 Olivier.

211 1335 75 31 Just

311 1408 61 30 you
389 1408 58 19 can
463 1396 88 31 listen
566 1401 33 27 to
716 1397 167 31 exclaimed
902 1397 50 31 the

136 1458 148 43 Marquis,
304 1457 74 31 with
394 1469 19 19 a
429 1457 60 32 fine
505 1457 87 31 burst
611 1458 35 31 of
664 1458 182 39 selfishness,
864 1469 33 19 as
915 1456 37 32 he

134 1520 98 32 threw
249 1518 129 33 himself
389 1518 62 32 into
465 1530 18 19 a
494 1518 81 40 huge
591 1519 163 32 arm-chair
770 1519 40 39 by
820 1518 53 32 the
888 1518 62 32 fire.
