1079 1710
156 89 33 26 16

387 95 82 20 LOVE
493 94 63 21 THE
580 91 159 23 AVENGER.

155 172 60 32 and
245 172 102 32 Mont-
349 172 150 33 Vivienne
529 170 60 32 and
621 167 185 34 Beauvoisin
833 176 81 21 were
943 163 35 44 (it

154 233 60 32 had
234 233 77 33 been
337 233 122 42 agreed)
486 237 32 27 to
541 232 38 31 be
602 230 53 32 the
680 229 237 42 head-quarters
946 225 33 32 of

154 294 40 32 all
212 294 50 33 the
283 306 60 30 gay
359 294 108 41 doings
489 293 33 32 of
544 292 53 32 the
622 291 203 43 department.
872 289 103 33 Claire

153 355 100 32 Avould
268 355 79 32 have
369 355 31 31 in
422 354 80 42 good
526 358 121 28 earnest
661 364 71 20 now
754 356 33 28 to
810 350 164 41 discharge

153 416 54 32 her
233 416 96 33 duties
353 428 33 20 as
413 417 136 31 mistress
577 415 34 33 of
633 427 18 20 a
675 415 85 41 large
790 411 183 40 household,

152 477 58 33 and
237 477 93 33 donor
355 477 34 33 of
408 477 196 42 magnificent
634 475 264 40 entertainments,
926 473 48 32 for

151 539 117 32 therein
284 538 50 43 lay
348 544 53 27 not
421 538 51 33 the
488 538 146 33 ambition
656 538 35 32 of
712 538 55 32 her
787 535 184 34 mother-in-

152 600 66 31 law.

194 660 65 33 The
286 661 151 42 Dowager
461 660 80 33 liked
571 665 32 28 to
628 672 118 30 govern
772 659 121 43 people,
916 659 55 32 but

151 721 50 32 did
237 726 53 27 not
327 733 68 20 care
433 726 31 27 to
502 733 103 20 amuse
635 722 86 31 them
734 735 7 27 ;
783 720 54 33 she
876 720 95 32 domi-

150 782 110 32 neered
293 782 31 32 in
354 794 18 20 a
401 782 136 43 severely
566 782 154 42 practical,
751 781 219 33 business-like

150 847 63 28 sort
228 842 34 33 of
283 854 134 28 manner,
441 842 90 33 loved
551 842 54 32 her
629 854 68 20 own
718 853 77 31 way,
812 842 62 32 and
889 842 81 32 tried

148 908 32 28 to
206 903 80 33 force
311 903 174 43 everybody
511 904 92 32 about
629 903 54 33 her
709 908 33 28 to
765 903 95 42 shape
887 903 82 32 their

150 964 74 32 lives
254 964 194 42 accordingly
484 964 67 32 that
588 975 67 31 Avay
667 977 7 28 ;
713 964 56 32 but
810 964 55 32 she
903 976 65 20 Avas

148 1024 118 33 neither
290 1024 164 33 cultivated
478 1036 55 21 nor
558 1025 260 42 elegant-minded
843 1025 125 43 enough

148 1090 32 27 to
204 1090 84 27 enter
303 1085 62 33 into
391 1085 93 41 what,
506 1085 31 32 in
558 1086 128 41 France,
712 1086 26 32 is
759 1086 51 32 the
832 1087 85 32 Avork
936 1087 36 32 of

149 1145 154 42 receiving
340 1157 82 31 upon
464 1157 18 21 a
521 1146 97 41 grand
656 1146 89 34 scale.
815 1147 52 32 All
905 1147 62 32 this

149 1204 99 31 Avould
263 1204 52 32 fall
331 1210 31 26 to
378 1205 50 32 the
445 1205 88 32 share
550 1206 32 31 of
604 1206 52 32 the
678 1218 105 31 young
798 1207 166 43 Marquise,

148 1265 68 40 and,
233 1265 75 32 from
325 1266 52 31 All
394 1266 101 32 Saints
511 1271 31 28 to
558 1267 52 32 the
625 1267 113 33 middle
762 1268 34 32 of
815 1269 149 43 January,
972 1282 10 18 j

149 1326 53 32 she
217 1331 81 27 must
313 1327 38 31 be
366 1326 46 33 for
427 1339 73 20 ever
516 1328 30 31 in
561 1328 52 32 the
629 1328 92 33 midst
737 1329 34 32 of
784 1342 19 21 a
819 1332 103 31 croAvd
923 1352 44 3 —

148 1398 39 20 an
209 1387 137 32 intimate
369 1388 109 40 crowd,
495 1400 84 22 more
602 1388 133 34 irksome
751 1391 46 32 far
816 1392 76 32 than
914 1393 52 33 the

147 1460 187 30 anonymous
372 1461 56 21 one
466 1449 66 33 that
569 1452 181 33 constitutes
787 1453 52 33 the
878 1460 89 37 great

146 1508 93 33 Avorld
264 1509 33 32 of
318 1510 94 41 Paris,
434 1511 61 32 and
517 1511 55 32 her
597 1518 141 28 constant
764 1516 201 41 companions
